main_category,productId,retailerProductId,name,price_eur,price_per_kg_eur,categoryPath,brand,available,maxQuantityReached,featured,guaranteed_life_quantity,guaranteed_life_unit,size_value,attributes_labels,image_src
Animaux,8c992b55-4159-4b9d-975d-8d9483e7c15b,MPX_1921121,"Purina One Croquettes Chat Stérilisé Au Boeuf Et Blé 1,5Kg",9.95,6.63,"['Animaux', 'Chat', 'Croquettes', 'Stérilisés']",Purina one,True,False,false,6.0,MONTH,1.5kg,[],https://courses.monoprix.fr/images-v3/0c44253f-c4a3-4340-9d37-d41e42b9d14a/eb542b20-e7b1-4910-898f-12c4afa4c8e7/300x300.jpg
Animaux,2bad2639-21a3-45e0-a3c1-a5b75bd528d0,MPX_2064993,"Purina One Croquettes Chat Stérilisé Au Saumon Et Céréales 1,5Kg",9.85,6.57,"['Animaux', 'Chat', 'Croquettes', 'Stérilisés']",Purina one,True,False,false,6.0,MONTH,1.5kg,[],https://courses.monoprix.fr/images-v3/0c44253f-c4a3-4340-9d37-d41e42b9d14a/92e16568-0735-48f3-a70f-1064f28225de/300x300.jpg
Animaux,22f4d79b-a81f-409e-b06c-611e913fb024,MPX_6686550,Ultima Nature Terrine au Saumon 85g,1.09,1.28,"['Animaux', 'Chat', 'Sachets', 'Standard']",ULTIMA NATURE,True,False,false,6.0,MONTH,0.85kg,[],https://courses.monoprix.fr/images-v3/0c44253f-c4a3-4340-9d37-d41e42b9d14a/b9a73dca-1437-4830-b67c-d3eada270403/300x300.jpg
Animaux,b96d7d3e-b536-43dd-bec8-18b2abea28fb,MPX_6714161,Ultima Nature Terrine Poulet & Bœuf 4x85g,4.09,12.03,"['Animaux', 'Chat', 'Sachets', 'Standard']",ULTIMA NATURE,True,False,false,6.0,MONTH,4 x 85g,[],https://courses.monoprix.fr/images-v3/0c44253f-c4a3-4340-9d37-d41e42b9d14a/b9e020c3-fb98-46d2-9efc-5ceb980e4cc3/300x300.jpg
Animaux,d009f472-95c8-4b3f-abd8-acb2bb4df2cc,MPX_4788085,Petty Well Croquette pour Chat Poulet et petits légumes 1kg,9.09,9.09,"['Animaux', 'Chat', 'Croquettes', 'Adultes']",Petty Well,True,False,false,6.0,MONTH,1kg,[],https://courses.monoprix.fr/images-v3/0c44253f-c4a3-4340-9d37-d41e42b9d14a/41c1133c-a6bb-4d4d-bfda-6db86684451e/300x300.jpg
Animaux,b49b7a82-0a27-4c7a-9e22-f86ad2b7f0f6,MPX_6596291,Petty Well mijoté au poulet pour chat 85g,1.39,16.35,"['Animaux', 'Chat', 'Boites et Barquettes', 'Standard']",Petty Well,True,False,false,6.0,MONTH,0.085kg,[],https://courses.monoprix.fr/images-v3/0c44253f-c4a3-4340-9d37-d41e42b9d14a/2089154a-445c-42ec-9d40-77633e4da7ad/300x300.jpg
Animaux,17fe53dd-5418-4811-9e09-27a2b6b41927,MPX_4788084,Petty Well Croquette pour chat saumon et petits légumes 1kg,8.99,8.99,"['Animaux', 'Chat', 'Croquettes', 'Adultes']",Petty Well,True,False,false,6.0,MONTH,1000g,[],https://courses.monoprix.fr/images-v3/0c44253f-c4a3-4340-9d37-d41e42b9d14a/db11f0c2-a708-4d00-b2ff-91b1381b850f/300x300.jpg
Animaux,0fe77782-bec5-4fa2-ab53-3aa047fcee33,MPX_3859604,"Purina One Croquettes pour Chien Mini -10kg Contrôle du Poids 1,5kg",7.09,4.73,"['Animaux', 'Chien', 'Croquettes', 'Petits Chiens (moins de 10 kilos)']",Purina,True,False,false,1.0,MONTH,1.5kg,[],https://courses.monoprix.fr/images-v3/0c44253f-c4a3-4340-9d37-d41e42b9d14a/772d3fe5-a34c-4ab2-aab8-dd2854bfb609/300x300.jpg
Animaux,eeb9bc13-1072-431c-981c-385b866652f2,MPX_4788086,Petty well croquettes chien petite taille au poulet 1kg,9.39,9.39,"['Animaux', 'Chien', 'Croquettes', 'Petits Chiens (moins de 10 kilos)']",Petty Well,True,False,false,6.0,MONTH,1kg,[],https://courses.monoprix.fr/images-v3/0c44253f-c4a3-4340-9d37-d41e42b9d14a/8ff4d2c1-1964-49b5-8725-80eb0ff0fb98/300x300.jpg
Animaux,40735017-b24c-468f-8220-f818184aaba0,MPX_2753156,Catsan Litière Minérale Agglomérante Pour Chat 5L,6.29,1.26,"['Animaux', 'Chat', 'Litière']",Catsan,True,False,false,,,5L,[],https://courses.monoprix.fr/images-v3/0c44253f-c4a3-4340-9d37-d41e42b9d14a/cf0f0010-95e3-49a7-ab66-a66f588e4806/300x300.jpg
Animaux,c51ae972-f368-412d-91d4-c9744f462c10,MPX_2482411,Catsan Hygiène Plus Litière Minérale Pour Chat 10l,7.59,1.57,"['Animaux', 'Chat', 'Litière']",Catsan,True,False,false,1.0,YEAR,4.844kg,[],https://courses.monoprix.fr/images-v3/0c44253f-c4a3-4340-9d37-d41e42b9d14a/4e2fd863-e3ec-4def-a933-db86f9285b85/300x300.jpg
Animaux,023aa724-7ce8-4804-aef9-c1a362e87e80,MPX_4220143,Sheba Filets Au Poulet Et Au Thon Msc Pour Chat Adulte 60G,1.59,26.5,"['Animaux', 'Chat', 'Boites et Barquettes', 'Standard']",Sheba,True,False,false,6.0,MONTH,60g,[],https://courses.monoprix.fr/images-v3/0c44253f-c4a3-4340-9d37-d41e42b9d14a/cecfa28c-a83b-48c9-a43e-5b7f3dadbf90/300x300.jpg
Animaux,fb864f52-c4d9-48eb-99df-dba306aaa12d,MPX_4215344,Sheba Filets Les Effilés de Poulet pour chat adulte 60g,1.59,26.5,"['Animaux', 'Chat', 'Boites et Barquettes', 'Standard']",Sheba,True,False,false,6.0,MONTH,60g,[],https://courses.monoprix.fr/images-v3/0c44253f-c4a3-4340-9d37-d41e42b9d14a/713b05d0-8bad-4341-8e75-f201e2dc17bf/300x300.jpg
Animaux,7375ea00-31dd-47b3-967e-109c8f135405,MPX_1524169,Monoprix Je suis vert litière végétale 10L,5.99,0.6,"['Mes marques Monoprix', 'Monoprix Je suis Vert']",MONOP PROD. VERTS,True,False,false,,,10L,[],https://courses.monoprix.fr/images-v3/0c44253f-c4a3-4340-9d37-d41e42b9d14a/f7475eaa-9754-48c5-ab1c-9c35ea823c67/300x300.jpg
Animaux,c4aa16c5-143a-457d-b547-d885b70cca3b,MPX_2426976,Purina One Pâtée Chat stérilisé au saumon et dinde 4x85g,2.95,8.68,"['Animaux', 'Chat', 'Sachets', 'Premium']",Purina one,True,False,false,6.0,MONTH,340g,[],https://courses.monoprix.fr/images-v3/0c44253f-c4a3-4340-9d37-d41e42b9d14a/c5e60ea4-6725-4035-b49a-3720cae3adcd/300x300.jpg
Animaux,b5649d07-9b77-4647-bfa5-f8e3902a9f6c,MPX_2355597,Sheba Délices du Jour Pâtée sauce à la volaille pour chat 6x50g,3.99,13.3,"['Animaux', 'Chat', 'Sachets', 'Premium']",Sheba,True,False,false,6.0,MONTH,300g,[],https://courses.monoprix.fr/images-v3/0c44253f-c4a3-4340-9d37-d41e42b9d14a/8267ffa8-2167-4aaa-bf02-6445b8b3619b/300x300.jpg
Animaux,66ce0d91-7c33-4713-aa42-d36ecd51f461,MPX_2216046,Catisfactions Friandises Au Saumon Pour Chat Et Chaton 60G,1.65,27.5,"['Animaux', 'Chat', 'Friandises']",Catisfactions,True,False,false,6.0,MONTH,60g,[],https://courses.monoprix.fr/images-v3/0c44253f-c4a3-4340-9d37-d41e42b9d14a/deebc848-198c-4cd6-9daa-68d723a95fda/300x300.jpg
Animaux,fcf1f772-7bf8-45c4-a9c9-deb343f2a609,MPX_1538473,Purina Gourmet Perle Pâtée pour chat Les Plaisirs de la mer 4 x 85g,2.95,8.68,"['Animaux', 'Chat', 'Sachets', 'Premium']",Gourmet,True,False,false,6.0,MONTH,340g,[],https://courses.monoprix.fr/images-v3/0c44253f-c4a3-4340-9d37-d41e42b9d14a/7970de3f-e37f-423f-b573-c4817613151a/300x300.jpg
Animaux,36dd321c-46df-440a-b9e3-e81ed78060f4,MPX_3821680,Edgard&Cooper Barquette Chien Adulte Edgard & Cooper Naturelle Sans Céréales Poulet & Dinde - 100G,1.19,11.9,"['Animaux', 'Chien', 'Repas', 'Boites et barquettes']",Edgard & Cooper,True,False,false,2.0,MONTH,100g,[],https://courses.monoprix.fr/images-v3/0c44253f-c4a3-4340-9d37-d41e42b9d14a/3af3bc62-8c48-482b-8218-a3f1badba3cb/300x300.jpg
Animaux,826b3f5f-95ef-49cd-a7e5-fdf004c62bd0,MPX_2426982,Purina One Pâtée Chat d'intérieur au thon et veau 4x85g,2.95,8.68,"['Animaux', 'Chat', 'Sachets', 'Premium']",Purina one,True,False,false,6.0,MONTH,340g,[],https://courses.monoprix.fr/images-v3/0c44253f-c4a3-4340-9d37-d41e42b9d14a/b4b855fe-6011-4a87-b27f-066a7f29f6b0/300x300.jpg
Animaux,db2718c2-7336-4729-8968-1bfb6fde2a08,MPX_952189,Purina Gourmet Gold Les Mousselines Mousses pour Chat 12x85g,7.69,7.54,"['Animaux', 'Chat', 'Boites et Barquettes', 'Premium']",Gourmet,True,False,false,6.0,MONTH,1.02kg,[],https://courses.monoprix.fr/images-v3/0c44253f-c4a3-4340-9d37-d41e42b9d14a/bc6d88b0-8ddf-4f1e-8b9a-1b15d500fd90/300x300.jpg
Animaux,fef0f0d9-280d-4bb4-852f-42316628955c,MPX_2823807,Catisfactions Friandises au poulet pour chat et chaton 60g,1.65,27.5,"['Animaux', 'Chat', 'Friandises']",Catisfactions,True,False,false,6.0,MONTH,60g,[],https://courses.monoprix.fr/images-v3/0c44253f-c4a3-4340-9d37-d41e42b9d14a/33efe5a7-5669-427e-98b0-135c02f54741/300x300.jpg
Animaux,17f74b60-bc02-4b94-8fad-eec139bc414c,MPX_2355596,Sheba Sachets Délices du jour en sauce au poisson pour chat 6x50g,3.99,13.3,"['Animaux', 'Chat', 'Sachets', 'Premium']",Sheba,True,False,false,6.0,MONTH,6 x 50g,[],https://courses.monoprix.fr/images-v3/0c44253f-c4a3-4340-9d37-d41e42b9d14a/80b6d0be-950a-43f1-a7ca-9875d43b35e5/300x300.jpg
Animaux,71c9e856-b826-4119-b679-53fc65faf096,MPX_3513967,Catsan Litière Agglomérante Végétale Pour Chat 5L,7.39,1.48,"['Animaux', 'Chat', 'Litière']",Catsan,True,False,false,1.0,YEAR,5L,[],https://courses.monoprix.fr/images-v3/0c44253f-c4a3-4340-9d37-d41e42b9d14a/341ad029-4cc9-4a52-a9b5-ab06220c11fd/300x300.jpg
Animaux,1c78bf40-9cfe-4ffd-a969-ef697e4cbca5,MPX_2063762,Sheba Mini Filets En Sauce Aux Poissons Pour Chat 4X85G,3.45,10.15,"['Animaux', 'Chat', 'Sachets', 'Premium']",Sheba,True,False,false,6.0,MONTH,340g,[],https://courses.monoprix.fr/images-v3/0c44253f-c4a3-4340-9d37-d41e42b9d14a/820f505f-9eb3-448e-84b4-ad0dd6f89886/300x300.jpg
Animaux,ad6a83c8-75cf-4adb-a0fb-65f06e724980,MPX_4215342,Sheba Soupe Sachets fraîcheur aux filets de Poulet pour Chat 4x40g,3.45,21.56,"['Animaux', 'Chat', 'Sachets', 'Standard']",Sheba,True,False,false,6.0,MONTH,160g,[],https://courses.monoprix.fr/images-v3/0c44253f-c4a3-4340-9d37-d41e42b9d14a/3b78df97-d838-4c35-9216-285a5ec2a440/300x300.jpg
Animaux,c3833bf5-a441-4c35-998d-2dfd0bc31039,MPX_2426979,"Purina One Pâtée Chat Adulte Poulet, Bœuf - 4 X 85 G",2.95,8.68,"['Animaux', 'Chat', 'Sachets', 'Premium']",Purina one,True,False,false,6.0,MONTH,340g,[],https://courses.monoprix.fr/images-v3/0c44253f-c4a3-4340-9d37-d41e42b9d14a/da621173-c8ff-47b0-9349-9d65bd523f33/300x300.jpg
Animaux,e2a3affa-ad95-4508-9f25-89f6a4df080b,MPX_2135909,Monoprix Emincés En Sauce 4 Recettes Pour Chat 12x100g,5.79,4.82,"['Animaux', 'Chat', 'Sachets']",Monoprix,True,False,false,6.0,MONTH,1.2kg,[],https://courses.monoprix.fr/images-v3/0c44253f-c4a3-4340-9d37-d41e42b9d14a/449f18fe-5989-4d9a-aa1e-539086a68f0a/300x300.jpg
Animaux,d0498f4e-f115-4afd-aa09-568444ff3763,MPX_3821679,"Edgard & Cooper Pâté pour chien adulte Agneau et Boeuf
100 g",1.19,11.9,"['Animaux', 'Chien', 'Repas', 'Boites et barquettes']",Edgard cooper,True,False,false,2.0,MONTH,100g,[],https://courses.monoprix.fr/images-v3/0c44253f-c4a3-4340-9d37-d41e42b9d14a/3b54ae10-fd96-4941-a667-31e7e36c9703/300x300.jpg
Animaux,d9b27e92-30d6-4660-84d8-14369474723f,MPX_3173736,Perfect Fit Indoor Pâtée En Sauce Poulet Saumon Chat Stérilisé D'Intérieur 4X85G,3.69,10.85,"['Animaux', 'Chat', 'Sachets', 'Premium']",Perfect Fit,True,False,false,6.0,MONTH,340g,[],https://courses.monoprix.fr/images-v3/0c44253f-c4a3-4340-9d37-d41e42b9d14a/3918c897-8d42-4ce8-9278-54ded9a60eed/300x300.jpg
Animaux,0a16b995-e62f-4340-a67a-5a6abe463289,MPX_1047,Cesar Barquette poulet en terrine pour chien 300g,2.35,7.83,"['Animaux', 'Chien', 'Repas', 'Boites et barquettes']",Cesar,True,False,false,6.0,MONTH,300g,[],https://courses.monoprix.fr/images-v3/0c44253f-c4a3-4340-9d37-d41e42b9d14a/ff00d7de-10fe-4e14-913a-69a2b62519a9/300x300.jpg
Animaux,241bb2ec-5f6a-4d96-90a9-ff1475761b8c,MPX_2412990,Vitakraft Litière Verte 5l,4.79,0.96,"['Animaux', 'Chat', 'Litière']",Vitakraft,True,False,false,,,5L,[],https://courses.monoprix.fr/images-v3/0c44253f-c4a3-4340-9d37-d41e42b9d14a/ef2d9f4f-cb01-4d6e-8af6-1c5b2200eca6/300x300.jpg
Animaux,46a0bc1a-f83b-425f-afeb-ddba47824092,MPX_4215340,Sheba Soupe au Thon pour Chat 4x40g,4.29,26.81,"['Animaux', 'Chat', 'Sachets', 'Standard']",Sheba,True,False,false,6.0,MONTH,160g,[],https://courses.monoprix.fr/images-v3/0c44253f-c4a3-4340-9d37-d41e42b9d14a/5adc18a2-8d76-46cf-bcfb-dd3da7cb3a0d/300x300.jpg
Animaux,fb7eb4bd-70b7-451b-b066-d715319d4235,MPX_1254373,Purina Gourmet Perle Les Filettines en Sauce Pâtée pour Chat 4x85g,2.95,8.68,"['Animaux', 'Chat', 'Sachets', 'Premium']",Gourmet,True,False,false,6.0,MONTH,340g,[],https://courses.monoprix.fr/images-v3/0c44253f-c4a3-4340-9d37-d41e42b9d14a/a344b03e-f7d6-4ee8-8499-5892504e6d8e/300x300.jpg
Animaux,ffe4ffcb-9942-4485-9290-99f3e1a0dc11,MPX_2503,Pedigree Biscrok Biscuits multi mix pour chien 500g,2.09,4.18,"['Animaux', 'Chien', 'Friandises et Biscuits']",Pedigree,True,False,false,6.0,MONTH,500g,[],https://courses.monoprix.fr/images-v3/0c44253f-c4a3-4340-9d37-d41e42b9d14a/eeab26ff-e30d-4529-bb9d-d84656f233a3/300x300.jpg
Animaux,da01c335-15a9-4a33-9345-49c9b55892c3,MPX_3821692,Purina Gourmet Nature'S Creation Au Poulet Et Dinde Multipack 8x 85g,7.55,11.1,"['Animaux', 'Chat', 'Boites et Barquettes', 'Premium']",PURINA,True,False,false,6.0,MONTH,680g,[],https://courses.monoprix.fr/images-v3/0c44253f-c4a3-4340-9d37-d41e42b9d14a/9e74c0b1-4edb-405b-9849-a984a67daabb/300x300.jpg
Animaux,f84c8e6e-9c32-4c00-adc4-f46dcd69066e,MPX_1467324,Purina One Croquettes Chat Stérilisé Au Boeuf Et Blé 450G,3.59,7.98,"['Animaux', 'Chat', 'Croquettes', 'Stérilisés']",Purina one,True,False,false,6.0,MONTH,450g,[],https://courses.monoprix.fr/images-v3/0c44253f-c4a3-4340-9d37-d41e42b9d14a/d8dbf1ff-71cf-4843-bbae-826b0ebfc7b2/300x300.jpg
Animaux,b599967a-d602-49c0-be26-47a5e37c38dc,MPX_1651559,Purina Gourmet Perle Les Filettines Avec des légumes 4x85g,2.49,7.32,"['Animaux', 'Chat', 'Sachets', 'Premium']",Gourmet,True,False,false,6.0,MONTH,340g,[],https://courses.monoprix.fr/images-v3/0c44253f-c4a3-4340-9d37-d41e42b9d14a/1426f261-05cd-4713-8f01-ea3d53bfa161/300x300.jpg
Animaux,cd50c1c2-3af6-498f-8f89-d23fb8067bc1,MPX_1259124,Purina One Croquettes Chat Sensible À La Dinde 450G,3.75,8.33,"['Animaux', 'Chat', 'Croquettes', 'Besoins spécifiques']",Purina one,True,False,false,6.0,MONTH,450g,[],https://courses.monoprix.fr/images-v3/0c44253f-c4a3-4340-9d37-d41e42b9d14a/76b693ad-17a1-473e-ad01-59a32d6e9919/300x300.jpg
Animaux,405f1032-52e4-4f0a-9add-c16e476a4cc5,MPX_2216737,Purina Gourmet Perle Pâtée Pour Chat Duo De La Mer 4 X 85g,3.25,9.56,"['Animaux', 'Chat', 'Sachets', 'Premium']",Gourmet,True,False,false,1.0,MONTH,340g,[],https://courses.monoprix.fr/images-v3/0c44253f-c4a3-4340-9d37-d41e42b9d14a/28d5670f-8271-451d-ae48-49fcf14acdb5/300x300.jpg
Animaux,41f154dc-98c4-47eb-afed-6e1db6931c1b,MPX_3860292,Pedigree Sachets fraîcheur en gelée petit chien 12x100g,6.69,5.57,"['Animaux', 'Chien', 'Repas', 'Sachets']",Pedigree,True,False,false,6.0,MONTH,1.2kg,[],https://courses.monoprix.fr/images-v3/0c44253f-c4a3-4340-9d37-d41e42b9d14a/da75b121-19b6-4251-94a2-ae174b19a21b/300x300.jpg
Animaux,3e82bec2-4311-4e68-9419-4e4e2809a5d0,MPX_3860286,Cesar Ces Barq Minifil Sauce 8X150G,8.19,6.82,"['Animaux', 'Chien', 'Repas', 'Boites et barquettes']",CESAR,True,False,false,6.0,MONTH,1.2kg,[],https://courses.monoprix.fr/images-v3/0c44253f-c4a3-4340-9d37-d41e42b9d14a/4bbfcfe7-8cec-49db-b97d-d9b3cd7d898a/300x300.jpg
Animaux,86ad2977-7106-45c2-b931-addc004c215d,MPX_1351772,Vitakraft Le Stick De Boeuf,1.15,95.83,"['Animaux', 'Chien', 'Friandises et Biscuits']",Vitakraft,True,False,false,1.0,YEAR,12g,[],https://courses.monoprix.fr/images-v3/0c44253f-c4a3-4340-9d37-d41e42b9d14a/657b1b8d-bce1-4d58-95df-e21f8bfb5351/300x300.jpg
Animaux,994b5bd9-3783-458e-8896-163a66d540b1,MPX_734018,Vitakraft Vitakraft Copeaux Parf Fruit Bois 20L,3.39,3.77,"['Animaux', 'Lapin, Hamster et Autres Rongeurs', 'Habitat']",Vitakraft,True,False,false,,,900ml,[],https://courses.monoprix.fr/images-v3/0c44253f-c4a3-4340-9d37-d41e42b9d14a/b9bd0297-777e-46bd-87a4-88db2f865229/300x300.jpg
Animaux,885c119f-317a-4ed8-bd6a-752a3d12313d,MPX_2080040,Fido Croquettes Pour Moyens Et Petits Chiens Bœuf Et Légumes 1 kg,3.99,3.99,"['Animaux', 'Chien', 'Croquettes', 'Moyens et Grands Chiens (plus de 10 kilos)']",Fido,True,False,false,2.0,MONTH,1kg,[],https://courses.monoprix.fr/images-v3/0c44253f-c4a3-4340-9d37-d41e42b9d14a/4b689352-5a65-4bf6-97aa-a47a83275d90/300x300.jpg
Animaux,2885f949-2f00-4b3c-8ffc-7313e9b86764,MPX_3821690,Purina Felix Succulent Grill Sélection Poisson 12x 80g,6.99,7.28,"['Animaux', 'Chat', 'Sachets', 'Standard']",PURINA,True,False,false,6.0,MONTH,960g,[],https://courses.monoprix.fr/images-v3/0c44253f-c4a3-4340-9d37-d41e42b9d14a/fba6937e-cc78-4e13-b929-d091e9ceaba8/300x300.jpg
Animaux,17f6d808-c6e6-439d-9f87-b8c9952bd11e,MPX_3342527,Pedigree Sachets fraîcheur en sauce petit chien 12x100g,8.09,6.74,"['Animaux', 'Chien', 'Repas', 'Sachets']",Pedigree,True,False,false,6.0,MONTH,1.2kg,[],https://courses.monoprix.fr/images-v3/0c44253f-c4a3-4340-9d37-d41e42b9d14a/4bbc1b78-2a97-4b8a-955d-18b735c0c491/300x300.jpg
Animaux,054636dc-a624-4fb2-94c8-cbb63c1623e2,MPX_3860297,"Pedigree Dentastix Bâtonnets pour grand chien 1,08kg",9.99,9.25,"['Animaux', 'Chien', 'Hygiène bucco-dentaire']",Pedigree,True,False,false,6.0,MONTH,1.08kg,[],https://courses.monoprix.fr/images-v3/0c44253f-c4a3-4340-9d37-d41e42b9d14a/4fbb383a-7ce6-4bda-8755-3c2be1091111/300x300.jpg
Animaux,8a6ba86b-2fc2-42b7-98a6-52e274834543,MPX_6726548,Vitakraft Bâtonnets à Mâcher 22cm P/1 *10 180g,6.19,34.39,"['Animaux', 'Chien', 'Friandises et Biscuits']",Vitakraft,True,False,false,6.0,MONTH,180g,[],https://courses.monoprix.fr/images-v3/0c44253f-c4a3-4340-9d37-d41e42b9d14a/36ef198c-c064-45d0-b8d4-ef37d201e589/300x300.jpg
Animaux,cdcdf7ed-ad4c-4805-b480-0dcb064781fe,MPX_6743365,Cesar Terrine au Poulet garni de Petits Pois & de carottes 100g - Chien Adulte,1.19,11.9,"['Animaux', 'Chien', 'Repas', 'Boites et barquettes']",CESAR,True,False,false,6.0,MONTH,100g,[],https://courses.monoprix.fr/images-v3/0c44253f-c4a3-4340-9d37-d41e42b9d14a/d3dec375-c088-40dc-8308-8a7902e67aff/300x300.jpg
Animaux,c2e5e922-3931-4323-897f-c23d7bb1e439,MPX_3860285,Crave Terrine Saumon & Dinde pour Chiens adultes sans Céréales 300g,3.79,12.63,"['Animaux', 'Chien', 'Repas', 'Boites et barquettes']",Crave,True,False,false,6.0,MONTH,300g,[],https://courses.monoprix.fr/images-v3/0c44253f-c4a3-4340-9d37-d41e42b9d14a/46665926-deaf-4ea4-92ba-a35ec6a97554/300x300.jpg
Animaux,43e1b1f5-d693-47a8-a2ea-445d400e8aba,MPX_3873249,"Purina One Croquettes pour Chien Mini -10kg au Bœuf 1,5kg",8.19,5.46,"['Animaux', 'Chien', 'Croquettes', 'Petits Chiens (moins de 10 kilos)']",PURINA,True,False,false,6.0,MONTH,1.5kg,[],https://courses.monoprix.fr/images-v3/0c44253f-c4a3-4340-9d37-d41e42b9d14a/61cabd5e-2ae0-490e-9bc5-0b10b7627e49/300x300.jpg
Animaux,c76b12e1-972e-48b3-a8f0-e9f9d73e1a2e,MPX_4231384,Bâtonnets à Mâcher Pure Chicken Bonas au Poulet & Fromage 80g,2.99,37.38,"['Animaux', 'Chien', 'Friandises et Biscuits']",Vitakraft,True,False,false,6.0,MONTH,80g,[],https://courses.monoprix.fr/images-v3/0c44253f-c4a3-4340-9d37-d41e42b9d14a/13917155-f180-41b4-8a30-24df2ea4c579/300x300.jpg
Animaux,95d68e16-92ea-4ac9-b9bd-f4dd2a6fb1be,MPX_6615093,Nestor Bio Croquette sans céréales pour chaton Volaille Bio 400g,5.69,14.23,"['Bio', 'Alimentation animaux bio', 'Alimentation chat bio']",NESTORBIO,True,False,false,6.0,MONTH,400g,[],https://courses.monoprix.fr/images-v3/0c44253f-c4a3-4340-9d37-d41e42b9d14a/7a8346a3-cb76-498b-a88c-afc9aca83f1c/300x300.jpg
Animaux,b2a392d4-acfd-4ded-a5b4-b2312e318157,MPX_3525456,Vitakraft Baguette Plast+ Souris Peluche x1,2.29,2.29,"['Animaux', 'Chat', 'Jouets']",Vitakraft,True,False,false,1.0,DAY,1kg,[],https://courses.monoprix.fr/images-v3/0c44253f-c4a3-4340-9d37-d41e42b9d14a/b6d1b416-ce3b-464e-a0b7-fd820c218073/300x300.jpg
Animaux,b9c6d530-5acf-42c2-a457-a2cd16f379fd,MPX_3537075,"Purina One Dualnature Croquettes Chat Stérilisé Au Boeuf 1,4Kg",9.99,7.14,"['Animaux', 'Chat', 'Croquettes', 'Stérilisés']",Purina,True,False,false,6.0,MONTH,1.4kg,[],https://courses.monoprix.fr/images-v3/0c44253f-c4a3-4340-9d37-d41e42b9d14a/b5999a11-4657-4acf-8807-0b18d2853444/300x300.jpg
Animaux,879571e5-7370-48a6-92d6-fdc8cc9c3f94,MPX_3173652,Purina One Pâtée Chat stérilisé au poulet et boeuf 4x85g,3.19,9.38,"['Animaux', 'Chat', 'Sachets', 'Premium']",Purina one,True,False,false,2.0,MONTH,340g,[],https://courses.monoprix.fr/images-v3/0c44253f-c4a3-4340-9d37-d41e42b9d14a/520bf46c-ced7-4a61-be41-6567419a1205/300x300.jpg
Animaux,f89dd1d5-7f2b-4c6b-8c9a-08cd9b5c4ea9,MPX_3416648,Vitakraft Os De Jambon Pour Chiens 300G,3.39,3.39,"['Animaux', 'Chien', 'Friandises et Biscuits']",Vitakraft,True,False,false,6.0,MONTH,,[],https://courses.monoprix.fr/images-v3/0c44253f-c4a3-4340-9d37-d41e42b9d14a/d0a5282d-03b1-4760-8c7b-215e5a5fab6f/300x300.jpg
Animaux,e657cdbd-9cf0-4d59-adf1-aa52889abcc2,MPX_4123790,Edgar Cooper Croquettes Saumon Norvégien 1Kg,9.99,9.99,"['Animaux', 'Chien', 'Croquettes', 'Moyens et Grands Chiens (plus de 10 kilos)']",Edgard Cooper,True,False,false,1.0,DAY,1kg,[],https://courses.monoprix.fr/images-v3/0c44253f-c4a3-4340-9d37-d41e42b9d14a/6e1a6a3d-5a63-4033-9bfa-3911b6618d9f/300x300.jpg
Animaux,532d75f8-1773-46b6-ac58-78f995f4ce71,MPX_3403649,Nestor Bio Croquettes Bio Allegées Pour Chat Stérillisé 2Kg,24.5,12.25,"['Animaux', 'Chat', 'Croquettes', 'Besoins spécifiques']",NESTORBIO,True,False,false,6.0,MONTH,2kg,[],https://courses.monoprix.fr/images-v3/0c44253f-c4a3-4340-9d37-d41e42b9d14a/72f8b1a6-0b97-4e98-a97a-35ec1dd0c28f/300x300.jpg
Animaux,98cfd5fa-0724-4dcf-9833-96043205f407,MPX_3821711,MEAT ME! Poulet 60 g,3.19,53.17,"['Animaux', 'Chien', 'Friandises et Biscuits']",Vitakraft,True,False,false,6.0,MONTH,60g,[],https://courses.monoprix.fr/images-v3/0c44253f-c4a3-4340-9d37-d41e42b9d14a/6ad5191e-ccd1-437f-9610-e937af65c724/300x300.jpg
Animaux,a6572b0f-a892-42af-b946-18a8e4537075,MPX_4111063,Vitakraft Bac litière ovale 50cm,7.09,7.09,"['Animaux', 'Chat', 'Litière']",Vitakraft,True,False,false,1.0,YEAR,,[],https://courses.monoprix.fr/images-v3/0c44253f-c4a3-4340-9d37-d41e42b9d14a/4329b9a0-cac1-478e-8668-677b2efaeb43/300x300.jpg
Animaux,6b359aac-251c-491a-b011-cc8b544118a8,MPX_6307808,Whiskas sachets fraîcheur poissons favoris en gelée pour chat adulte 4x 85g,2.75,8.09,"['Animaux', 'Chat', 'Sachets', 'Standard']",Whiskas,True,False,false,6.0,MONTH,4 x 85g,[],https://courses.monoprix.fr/images-v3/0c44253f-c4a3-4340-9d37-d41e42b9d14a/7c0750e5-8ca2-424f-b731-648705da1b2b/300x300.jpg
Animaux,89a7bf11-03fe-49fe-a565-6451a7aa38a2,MPX_3821712,MEAT ME! Bœuf 60 g,3.19,53.17,"['Animaux', 'Chien', 'Friandises et Biscuits']",Vitakraft,True,False,false,6.0,MONTH,60g,[],https://courses.monoprix.fr/images-v3/0c44253f-c4a3-4340-9d37-d41e42b9d14a/a8844cbb-bdc2-4537-9ef4-807b49ba74b6/300x300.jpg
Animaux,92a6141b-6010-4b76-b1c4-7eda48ba0a0d,MPX_3525459,Vitakraft 4 Balles Assorties 4cm,4.39,25.52,"['Animaux', 'Chat', 'Jouets']",Vitakraft,True,False,false,,,172g,[],https://courses.monoprix.fr/images-v3/0c44253f-c4a3-4340-9d37-d41e42b9d14a/0cbba323-23a2-4dc7-b504-31d214738991/300x300.jpg
Animaux,ddb4ff33-3da4-4bfd-843f-c52f97ea8e92,MPX_3859601,"Purina One Croquettes Chat stérilisé à la truite et blé 1,5kg",9.55,6.37,"['Animaux', 'Chat', 'Croquettes', 'Stérilisés']",Purina,True,False,false,6.0,MONTH,1.5kg,[],https://courses.monoprix.fr/images-v3/0c44253f-c4a3-4340-9d37-d41e42b9d14a/4bdcce40-2e7f-4451-8078-bc1f1801c762/300x300.jpg
Animaux,ffd52985-2d05-4105-b6b5-4534e2bc6c76,MPX_3790186,Crave Croquettes Dinde Poulet 1kg,12.5,12.5,"['Animaux', 'Chien', 'Croquettes', 'Moyens et Grands Chiens (plus de 10 kilos)']",Crave,True,False,false,2.0,MONTH,1kg,[],https://courses.monoprix.fr/images-v3/0c44253f-c4a3-4340-9d37-d41e42b9d14a/b0525171-9a40-4cc1-aab5-1b229aebfdbf/300x300.jpg
Animaux,d4c718e1-e39a-4a28-8c36-ca3eaa5b1f2f,MPX_2336454,Vitakraft Menu Cochons D'Inde 800G,4.09,5.11,"['Animaux', 'Lapin, Hamster et Autres Rongeurs', 'Alimentation']",Vitakraft,True,False,false,6.0,MONTH,800g,[],https://courses.monoprix.fr/images-v3/0c44253f-c4a3-4340-9d37-d41e42b9d14a/3b9cf4ec-f379-49b8-a862-ba9b651bfef9/300x300.jpg
Animaux,ed5a4c60-05bb-4dbd-8dab-9078e7b55aa6,MPX_6726547,Vitakraft Chews Dentaire Os Pressés 16cm P/1,3.99,42.0,"['Animaux', 'Chien', 'Friandises et Biscuits']",Vitakraft,True,False,false,6.0,MONTH,95g,[],https://courses.monoprix.fr/images-v3/0c44253f-c4a3-4340-9d37-d41e42b9d14a/a7d2b698-51e0-4600-b961-3690b74d8d8b/300x300.jpg
Animaux,e8eef916-dc87-4d88-a519-c074b6af8fd0,MPX_6728417,"Ultima Pro+ Croquettes Petit Chien 10 kg 1,1kg",6.49,5.9,"['Animaux', 'Chien', 'Croquettes', 'Petits Chiens (moins de 10 kilos)']",Ultima,True,False,false,6.0,MONTH,1.1kg,[],https://courses.monoprix.fr/images-v3/0c44253f-c4a3-4340-9d37-d41e42b9d14a/d5845fa4-9d8d-4c87-ad7f-e09a9c57d8c5/300x300.jpg
Animaux,b50d8bbb-067b-4e25-b3d2-c7ec34736ac3,MPX_2005720,Vitakraft Aliment En Flocons Pour Poissons Rouges 40g,3.99,99.75,"['Animaux', 'Poisson', 'Alimentation']",Vitakraft,True,False,false,6.0,MONTH,40g,[],https://courses.monoprix.fr/images-v3/0c44253f-c4a3-4340-9d37-d41e42b9d14a/4cc02868-bdd5-44b4-b409-6f0d7613ac72/300x300.jpg
Animaux,5abbf6ea-13ca-4e78-b1c7-945ad065ab05,MPX_2427045,Vitakraft Jouet À Led 2 Couleurs Parole de Chat,4.69,4.69,"['Animaux', 'Chat', 'Jouets']",Vitakraft,True,False,false,6.0,MONTH,,[],https://courses.monoprix.fr/images-v3/0c44253f-c4a3-4340-9d37-d41e42b9d14a/fa1dd935-b4cc-43dd-b4e2-55b9cd84191c/300x300.jpg
Animaux,1044eb3c-dd29-43c4-af26-244a6696511a,MPX_6622197,Purina One Aliment au Bœuf Poulet Agneaux Petit chien -10kg 10x85g,5.45,6.41,"['Animaux', 'Chien', 'Croquettes', 'Petits Chiens (moins de 10 kilos)']",Purina,True,False,false,2.0,MONTH,10 x 85g,[],https://courses.monoprix.fr/images-v3/0c44253f-c4a3-4340-9d37-d41e42b9d14a/50167203-7844-408e-a587-296fa5d215cd/300x300.jpg
Animaux,a91c0c77-0af1-4c8b-99f5-764d91d29817,MPX_4656114,Vetocanis Shampoing Usage Fréquent Pour Chien À L'Aloe Vera 300 ml,6.69,22.3,"['Animaux', 'Chien', 'Entretien du poil et Accessoires pour chien', 'Entretien du poil et Hygiène']",VETOCANIS,True,False,false,2.0,MONTH,300ml,[],https://courses.monoprix.fr/images-v3/0c44253f-c4a3-4340-9d37-d41e42b9d14a/6fe28a33-b0f0-4fa5-9f87-46128daa1c7c/300x300.jpg
Animaux,c50d2321-e485-4e42-aa67-19410fb757f4,MPX_6659436,Pedigree Croquettes Volaille Chien Adulte 2kg,12.9,4.3,"['Animaux', 'Chien', 'Croquettes', 'Moyens et Grands Chiens (plus de 10 kilos)']",Pedigree,True,False,false,6.0,MONTH,3kg,[],https://courses.monoprix.fr/images-v3/0c44253f-c4a3-4340-9d37-d41e42b9d14a/459f1633-b31c-4894-aea9-bdff5924b69d/300x300.jpg
Animaux,a87a536e-b5db-4dfb-890e-839fb469e8b4,MPX_5981102,La P'tite Zoé Litière 2kg,13.9,6.95,"['Animaux', 'Chat', 'Litière']",LA P'TITE ZOE,True,False,false,,,2kg,[],https://courses.monoprix.fr/images-v3/0c44253f-c4a3-4340-9d37-d41e42b9d14a/44d14e80-89cc-4383-9267-9489059f1c44/300x300.jpg
Animaux,2340c9e3-f2d3-4374-aa12-9ccf1229d387,MPX_2336456,Vitakraft Menu Tourterelles 900G,4.19,4.66,"['Animaux', 'Oiseau', 'Alimentation']",Vitakraft,True,False,false,6.0,MONTH,900g,[],https://courses.monoprix.fr/images-v3/0c44253f-c4a3-4340-9d37-d41e42b9d14a/a10b7290-5e15-4f6f-ab90-2f099aac5d38/300x300.jpg
Animaux,a7f112ef-d955-4ecd-84ab-1bdddd1d63b2,MPX_3525452,Vitakraft Boules Mésanges + Distributeur 5Pcs,6.99,6.99,"['Animaux', 'Oiseau', 'Alimentation']",Vitakraft,True,False,false,6.0,MONTH,1kg,[],https://courses.monoprix.fr/images-v3/0c44253f-c4a3-4340-9d37-d41e42b9d14a/eb257b72-da76-42dd-8d52-1269c1d36faa/300x300.jpg
Animaux,b205422f-6c9e-4c16-8852-5721c0fb6198,MPX_2336449,Vitakraft Mélange De Graines Pour Rongeurs 850G,2.29,2.69,"['Animaux', 'Lapin, Hamster et Autres Rongeurs', 'Alimentation']",Vitakraft,True,False,false,6.0,MONTH,850g,[],https://courses.monoprix.fr/images-v3/0c44253f-c4a3-4340-9d37-d41e42b9d14a/cb3ce311-6c8b-40be-ab71-bd352a735d91/300x300.jpg
Animaux,27fa4f0d-a132-438b-8939-29a4ecf7c210,MPX_2336447,Vitobel Aliment Complet Pour Lapins Nains 850G,2.29,2.69,"['Animaux', 'Lapin, Hamster et Autres Rongeurs', 'Alimentation']",Vitakraft,True,False,false,6.0,MONTH,850g,[],https://courses.monoprix.fr/images-v3/0c44253f-c4a3-4340-9d37-d41e42b9d14a/8847a1b1-76fb-424f-bbd1-e18fe9d58f42/300x300.jpg
Animaux,5b656d4c-3b18-424a-8e73-58f1ce061869,MPX_4656115,Vetocanis Dentifrice A Croquer 30 Comprimés Chat/ Chien,6.59,439.33,"['Animaux', 'Chien', 'Hygiène bucco-dentaire']",VETOCANIS,True,False,false,2.0,MONTH,15g,[],https://courses.monoprix.fr/images-v3/0c44253f-c4a3-4340-9d37-d41e42b9d14a/891afcf3-7291-4994-baf9-8afb74cb97d3/300x300.jpg
Animaux,b430abf4-c41c-4da9-86de-8d8994ec56ed,MPX_4982002,Nestor Croquettes Bio Sans Céréales Pour Chat Stérilisé 1 Kg,15.9,15.9,"['Animaux', 'Chien', 'Croquettes', 'Petits Chiens (moins de 10 kilos)']",NESTOR BIO,True,False,false,2.0,MONTH,1kg,[],https://courses.monoprix.fr/images-v3/0c44253f-c4a3-4340-9d37-d41e42b9d14a/c704b8fa-6bdb-45e8-b2bc-71eb46fd8464/300x300.jpg
Animaux,a1d58171-c2b4-4bc5-be01-0219f9ecaeed,MPX_3537406,Vitakraft 2 Souris En Peluche Avec Couinement,4.19,4.19,"['Animaux', 'Chat', 'Jouets']",Vitakraft,True,False,false,6.0,MONTH,,[],https://courses.monoprix.fr/images-v3/0c44253f-c4a3-4340-9d37-d41e42b9d14a/61c67951-7115-49b3-b1ac-eb4b5fe98965/300x300.jpg
Animaux,2fa748e8-54e1-4e60-a920-dd0d171bed1b,MPX_6705670,Hello Jack Complément Alimentaire Chien Relax goût Beurre de Cacahuète 100g,9.89,98.9,"['Animaux', 'Chien', 'Friandises et Biscuits']",HELLO JACK,True,False,false,6.0,MONTH,100g,[],https://courses.monoprix.fr/images-v3/0c44253f-c4a3-4340-9d37-d41e42b9d14a/1bb26450-e82c-4385-8cf3-4fdf61e7cb42/300x300.jpg
Animaux,b88cff90-353d-4973-96f4-171288a88d9e,MPX_6659434,Pedigree Croquette Chien 2 kg,11.5,5.75,"['Animaux', 'Chien', 'Croquettes', 'Petits Chiens (moins de 10 kilos)']",Pedigree,True,False,false,2.0,MONTH,2kg,[],https://courses.monoprix.fr/images-v3/0c44253f-c4a3-4340-9d37-d41e42b9d14a/7282e1d5-a104-4e06-ba6f-dfc780668068/300x300.jpg
Animaux,61f735f2-f97b-4169-97a7-1194339f1cf0,MPX_1559493,Vitakraft Une Balle Orange,4.59,4.59,"['Animaux', 'Chien', 'Jouets']",Vitakraft,True,False,false,,,,[],https://courses.monoprix.fr/images-v3/0c44253f-c4a3-4340-9d37-d41e42b9d14a/fb0bd4d0-9a3f-45f5-b742-2154e78de346/300x300.jpg
Animaux,5d335523-6a86-484f-88d8-8a8a48d6cbf9,MPX_6726546,"Vitakraft Chews Bâtonnets Torsades à Mâcher 12,5cm p/25 - Chien 130g",6.59,50.69,"['Animaux', 'Chien', 'Friandises et Biscuits']",Vitakraft,True,False,false,6.0,MONTH,130g,[],https://courses.monoprix.fr/images-v3/0c44253f-c4a3-4340-9d37-d41e42b9d14a/640cbfd2-9878-4221-a7a6-7d4b0e0b72d4/300x300.jpg
Animaux,85d20fb9-379d-4b33-bb0a-e94b765cc929,MPX_2986298,Vitakraft Brosse De Toilettage 2 En 1 Pour Chat,8.09,8.09,"['Animaux', 'Chat', 'Entretien du poil, Hygiène et Accessoires pour chat', 'Entretien du poil et Hygiène']",Vitakraft,True,False,false,2.0,MONTH,,[],https://courses.monoprix.fr/images-v3/0c44253f-c4a3-4340-9d37-d41e42b9d14a/3f94e073-3c78-4c3d-ad34-63cb70a5a562/300x300.jpg
Animaux,58343451-cab7-4636-ac21-6439ad25315d,MPX_3525572,Vitakraft Pipettes Stop Parasites Chat P/6,11.5,1916.67,"['Animaux', 'Chat', 'Entretien du poil, Hygiène et Accessoires pour chat', 'Entretien du poil et Hygiène']",Vitakraft,True,False,false,6.0,MONTH,6g,[],https://courses.monoprix.fr/images-v3/0c44253f-c4a3-4340-9d37-d41e42b9d14a/09f570db-37b7-46d2-9a13-6866247dc0ac/300x300.jpg
Animaux,d925edc3-f084-4f8b-852d-096fd1fa387c,MPX_733068,Kräcker Trio-Mix Miel Sésame/Abricot Figue/Œuf Graines de Graminées Perruches P/3,2.99,33.22,"['Animaux', 'Oiseau', 'Alimentation']",Vitakraft,True,False,false,6.0,MONTH,90g,[],https://courses.monoprix.fr/images-v3/0c44253f-c4a3-4340-9d37-d41e42b9d14a/a44b5800-f240-4bbb-a3c8-c7662a3907bb/300x300.jpg
Animaux,0e3eeb3e-346e-478e-9cad-114d469abeff,MPX_2336455,Vitakraft Vtakraft Menu Hamsters 800G,4.09,5.11,"['Animaux', 'Lapin, Hamster et Autres Rongeurs', 'Alimentation']",Vitakraft,True,False,false,6.0,MONTH,800g,[],https://courses.monoprix.fr/images-v3/0c44253f-c4a3-4340-9d37-d41e42b9d14a/1f153a0a-c2ad-43b6-a789-1b7b752130e9/300x300.jpg
Animaux,f38d3b9d-d2cb-4470-91ab-515fc643e924,MPX_4111055,Vitakraft Souris en Peluche avec Corde et Catnip,5.69,948.33,"['Animaux', 'Chat', 'Jouets']",Vitakraft,True,False,false,1.0,DAY,6g,[],https://courses.monoprix.fr/images-v3/0c44253f-c4a3-4340-9d37-d41e42b9d14a/14965a6e-096d-442e-a0e0-11781d4c782e/300x300.jpg
Animaux,8fc428f7-5653-47f9-a472-d23989505af6,MPX_4001173,"Fido Croq' Mix Croquettes pour Chien Senior Volaille et légumes 2,5kg",6.85,2.74,"['Animaux', 'Chien', 'Croquettes', 'Seniors']",PURINA,True,False,false,6.0,MONTH,2.5kg,[],https://courses.monoprix.fr/images-v3/0c44253f-c4a3-4340-9d37-d41e42b9d14a/7d6f8cb7-c3b4-4e2c-8e92-e6f6b176c629/300x300.jpg
Animaux,06d89fe1-2a53-4fb0-b96d-a93ef2f86ab4,MPX_6600188,Ultima Nature Croquettes Chien Mini Sans Céréales Dinde 1.1kg,7.19,6.54,"['Animaux', 'Chien', 'Croquettes', 'Petits Chiens (moins de 10 kilos)']",Ultima Nature,True,False,false,2.0,MONTH,1.1kg,[],https://courses.monoprix.fr/images-v3/0c44253f-c4a3-4340-9d37-d41e42b9d14a/209f8957-0e89-47ad-904d-ab010bbf7ea7/300x300.jpg
Animaux,4c828deb-e83c-4bb8-9d75-48f7be838ae7,MPX_6659435,Pedigree Croquettes Volaille Chiot 3kg,10.9,3.63,"['Animaux', 'Chien', 'Croquettes', 'Chiots']",Pedigree,True,False,false,6.0,MONTH,3kg,[],https://courses.monoprix.fr/images-v3/0c44253f-c4a3-4340-9d37-d41e42b9d14a/0e9088c0-43dd-4ce2-ae5a-1961e619fd12/300x300.jpg
Animaux,39fd0cd9-5ba6-41b9-8383-cbffca54af9f,MPX_2427047,Vitakraft Souris Téléguidée,21.9,21.9,"['Animaux', 'Chat', 'Jouets']",Vitakraft,True,False,false,,,,[],https://courses.monoprix.fr/images-v3/0c44253f-c4a3-4340-9d37-d41e42b9d14a/8459b44b-11e0-4980-a58f-5a247e1e859e/300x300.jpg
Animaux,9cc0748e-faa5-48a1-97f6-f226eb1c7467,MPX_1545375,Vitakraft Collier Confort Réfléchissant Sécurité,4.49,224.5,"['Animaux', 'Chat', 'Entretien du poil, Hygiène et Accessoires pour chat', 'Collier, Laisse et Harnais']",Vitakraft,True,False,false,,,20g,[],https://courses.monoprix.fr/images-v3/0c44253f-c4a3-4340-9d37-d41e42b9d14a/a72af3fe-c16b-4edd-b91a-f9fe38ee025f/300x300.jpg
Animaux,000f9fc5-3d0a-49d6-98b2-111ad8219936,MPX_3525457,Vitakraft Jouet Hochet pour Chat,5.89,346.47,"['Animaux', 'Chat', 'Jouets']",Vitakraft,True,False,false,,,17g,[],https://courses.monoprix.fr/images-v3/0c44253f-c4a3-4340-9d37-d41e42b9d14a/f669acbc-660e-4175-953e-a155ef97a630/300x300.jpg
Animaux,60e68ce5-d1e8-425f-9ebd-2bb018085f01,MPX_4656116,Vetocanis Gant Toilettage En Silicone 4 En 1,7.49,7.49,"['Animaux', 'Chien', 'Entretien du poil et Accessoires pour chien', 'Entretien du poil et Hygiène']",VETOCANIS,True,False,false,2.0,MONTH,,[],https://courses.monoprix.fr/images-v3/0c44253f-c4a3-4340-9d37-d41e42b9d14a/3568e223-b572-459a-b655-dff5df6d776e/300x300.jpg
Animaux,f33da7ed-6386-4141-b03e-d7a82ae89a8e,MPX_1362618,Vitakraft Ecuelle Double Pour Chat,3.29,3.29,"['Animaux', 'Chat', 'Entretien du poil, Hygiène et Accessoires pour chat', 'Gamelle, Ecuelle et Fontaine']",Vitakraft,True,False,false,,,,[],https://courses.monoprix.fr/images-v3/0c44253f-c4a3-4340-9d37-d41e42b9d14a/3479080c-cf6d-407d-a2d0-3b9562a31632/300x300.jpg
Animaux,de325c24-bb7f-4b19-bf2f-b597ce75c948,MPX_2336457,Vitakraft Menu Vital Exotiques En Sachet Fraîcheur 900 G 900G,4.15,4.61,"['Animaux', 'Oiseau', 'Alimentation']",Vitakraft,True,False,false,2.0,MONTH,900g,[],https://courses.monoprix.fr/images-v3/0c44253f-c4a3-4340-9d37-d41e42b9d14a/7fc12cf2-17f3-4ca9-8163-d2b685a1cb06/300x300.jpg
Animaux,cb411d05-5fbd-4c94-9944-630269e5d3fd,MPX_2336453,Vitakraft Menu Perruches 900G,4.45,4.94,"['Animaux', 'Oiseau', 'Alimentation']",Vitakraft,True,False,false,2.0,MONTH,900g,[],https://courses.monoprix.fr/images-v3/0c44253f-c4a3-4340-9d37-d41e42b9d14a/b1ab0e32-73e9-43e7-8543-1e8fdc759665/300x300.jpg
Animaux,b2240bbd-4343-4114-a2aa-166576a6728e,MPX_1351730,Corde à noeuds coton,7.79,7.79,"['Animaux', 'Chien', 'Jouets']",Vitakraft,True,False,false,2.0,MONTH,,[],https://courses.monoprix.fr/images-v3/0c44253f-c4a3-4340-9d37-d41e42b9d14a/d538940d-2b57-4626-b661-00b96a87b26d/300x300.jpg
Animaux,249d157f-c4be-455c-aede-233542b24141,MPX_4656117,Vetocanis Diffuseur Pour Chat Kit Complet Réduit Le Stress,21.5,21.5,"['Animaux', 'Chat', 'Entretien du poil, Hygiène et Accessoires pour chat', 'Entretien du poil et Hygiène']",VETOCANIS,True,False,false,2.0,MONTH,,[],https://courses.monoprix.fr/images-v3/0c44253f-c4a3-4340-9d37-d41e42b9d14a/63636dac-e2b4-4cdd-836e-414415ababc7/300x300.jpg
Animaux,f466c40a-f955-41d9-b6e9-9eb2a4cbf14b,MPX_733020,Vitakraft Aliment Complet Pour Canaris 90G,2.89,32.11,"['Animaux', 'Oiseau', 'Alimentation']",Vitakraft,True,False,false,6.0,MONTH,90g,[],https://courses.monoprix.fr/images-v3/0c44253f-c4a3-4340-9d37-d41e42b9d14a/337eb1ec-83f1-43d5-9606-c63e65c62a8c/300x300.jpg
Animaux,55a066c7-76e6-4cb4-bf7d-6e26ddf86652,MPX_2336657,Vitakraft menu premium canaris 900g,4.99,5.54,"['Animaux', 'Oiseau', 'Alimentation']",Vitakraft,True,False,false,2.0,MONTH,900g,[],https://courses.monoprix.fr/images-v3/0c44253f-c4a3-4340-9d37-d41e42b9d14a/714df9c0-a180-49ca-950d-412c89897ae1/300x300.jpg
Animaux,03a28578-e25f-40fb-bdfa-4aba718eee88,MPX_3083686,Vitakraft Kit Anti Tiques,6.7,6.7,"['Animaux', 'Chien', 'Entretien du poil et Accessoires pour chien', 'Entretien du poil et Hygiène']",Vitakraft,True,False,false,6.0,MONTH,,[],https://courses.monoprix.fr/images-v3/0c44253f-c4a3-4340-9d37-d41e42b9d14a/9c482ef2-cfa4-47ee-808a-b37447d1c3aa/300x300.jpg
Animaux,c671bafe-f4a7-4a47-a39c-e545f18f33cd,MPX_3884443,Monoprix Gamelle en Bambou 810 pour Chien,6.99,6.99,"['Animaux', 'Chien', 'Entretien du poil et Accessoires pour chien', 'Gamelle, Ecuelle et Fontaine']",MONOPRIX,True,False,false,,,,[],https://courses.monoprix.fr/images-v3/0c44253f-c4a3-4340-9d37-d41e42b9d14a/1d06b86a-8aeb-41de-b68f-62d4ea948ee1/300x300.jpg
Animaux,e8edd3de-44ac-4193-8cdc-11380b6805d1,MPX_4656113,Vetocanis Shampooing Pour Chien Anti-Odeurle Flacon De 300 Ml,8.89,29.63,"['Animaux', 'Chien', 'Entretien du poil et Accessoires pour chien', 'Entretien du poil et Hygiène']",VETOCANIS,True,False,false,2.0,MONTH,300ml,[],https://courses.monoprix.fr/images-v3/0c44253f-c4a3-4340-9d37-d41e42b9d14a/15228d8c-4618-4c40-a9ce-1d62ef732e02/300x300.jpg
Animaux,9b83797a-6967-439d-a1b1-b621b3869a54,MPX_2975598,Vitakraft Laisse + Harnais Pour Chat - For You,8.99,8.99,"['Animaux', 'Chat', 'Entretien du poil, Hygiène et Accessoires pour chat', 'Collier, Laisse et Harnais']",Vitakraft,True,False,false,,,,[],https://courses.monoprix.fr/images-v3/0c44253f-c4a3-4340-9d37-d41e42b9d14a/203d071e-1ed4-467c-93df-7eae7c9780ba/300x300.jpg
Animaux,35fd027b-f3a3-4846-bedd-cbd481b7451a,MPX_6328331,Bulldog coffret trio mini,15.9,15.9,"['Animaux', 'Chien', 'Entretien du poil et Accessoires pour chien', 'Entretien du poil et Hygiène']",Bulldog,True,False,false,,,,[],https://courses.monoprix.fr/images-v3/0c44253f-c4a3-4340-9d37-d41e42b9d14a/b8c1cb51-0513-47c8-9860-fd84934c2717/300x300.jpg
Animaux,76b6f62c-7d42-4c1b-b8ec-3d0eddc91656,MPX_2427041,Vitakraft Collier Pvc Gris Réfléchissant,3.29,3.29,"['Animaux', 'Chat', 'Entretien du poil, Hygiène et Accessoires pour chat', 'Collier, Laisse et Harnais']",Vitakraft,True,False,false,,,,[],https://courses.monoprix.fr/images-v3/0c44253f-c4a3-4340-9d37-d41e42b9d14a/c49ccb51-8f59-45a6-90d2-d87fe4a9a6ae/300x300.jpg
Animaux,bde63494-7a29-4b0c-bd1a-da0268b470c3,MPX_2986302,Vitakraft Collier Pour Chien,3.49,3.49,"['Animaux', 'Chien', 'Entretien du poil et Accessoires pour chien', 'Collier']",Vitakraft,True,False,false,,,,[],https://courses.monoprix.fr/images-v3/0c44253f-c4a3-4340-9d37-d41e42b9d14a/54ccd2d6-c4ef-41d7-9805-af6fe38744a9/300x300.jpg
Animaux,764f3734-1cb1-4e1c-9ccc-039b9ffc674b,MPX_4109330,Animalis Filtre Charbon Actif x6,4.95,61.88,"['Animaux', 'Poisson', 'Aquarium']",ANIMALIS,True,False,false,,,80g,[],https://courses.monoprix.fr/images-v3/0c44253f-c4a3-4340-9d37-d41e42b9d14a/dbfe6047-c5c5-4231-b74c-753e9d12b818/300x300.jpg
Animaux,2dd385ee-5a91-4208-9327-6aba6dad5a41,MPX_3889584,Monoprix Gamelle en Bambou pour Chien x1,4.99,4.99,"['Animaux', 'Chien', 'Entretien du poil et Accessoires pour chien', 'Gamelle, Ecuelle et Fontaine']",MONOPRIX,True,False,false,,,,[],https://courses.monoprix.fr/images-v3/0c44253f-c4a3-4340-9d37-d41e42b9d14a/e3e3580e-4dba-4bd0-a3da-efd0a50dff3e/300x300.jpg
Animaux,afacaf3f-a101-42f7-b8fc-b9e794f5cea4,MPX_4111051,Vitakraft Collier Répulsif pour Chien,5.55,5.55,"['Animaux', 'Chien', 'Entretien du poil et Accessoires pour chien', 'Collier']",Vitakraft,True,False,false,1.0,DAY,,[],https://courses.monoprix.fr/images-v3/0c44253f-c4a3-4340-9d37-d41e42b9d14a/102755b4-a6af-40b9-94f8-473c2c13abed/300x300.jpg
Animaux,3dd2a440-a711-4096-9860-3ed805ab4f8a,MPX_3525470,Vitakraft Ecuelle Melamine 700Ml Parole20Chien,5.99,8.56,"['Animaux', 'Chat', 'Entretien du poil, Hygiène et Accessoires pour chat', 'Gamelle, Ecuelle et Fontaine']",Vitakraft,True,False,false,,,700ml,[],https://courses.monoprix.fr/images-v3/0c44253f-c4a3-4340-9d37-d41e42b9d14a/38d0fecb-0470-4c05-8dff-0d3a212e0d07/300x300.jpg
Animaux,a3d8cdef-5a58-4339-b8f3-521e435e0cc8,MPX_3083680,Vitakraft Collier Ape Chat 120J Marron,6.09,6.09,"['Animaux', 'Chat', 'Entretien du poil, Hygiène et Accessoires pour chat', 'Collier, Laisse et Harnais']",Vitakraft,True,False,false,6.0,MONTH,,[],https://courses.monoprix.fr/images-v3/0c44253f-c4a3-4340-9d37-d41e42b9d14a/274405cf-dd9e-4a23-a291-74310b47fb9d/300x300.jpg
Animaux,67fb7713-d802-4116-b7b7-55de71cff162,MPX_2426925,Vitakraft Os En Corde Et Caoutchouc Parole De Chien,6.99,6.99,"['Animaux', 'Chien', 'Jouets']",Vitakraft,True,False,false,6.0,MONTH,,[],https://courses.monoprix.fr/images-v3/0c44253f-c4a3-4340-9d37-d41e42b9d14a/7b72b68c-2e0c-453c-8e90-bdd96948e99f/300x300.jpg
Animaux,71bf3371-8746-4c2b-86cf-152e669d489c,MPX_3821708,Harnais Nylon Premium doublé noir M / L,7.19,35.95,"['Animaux', 'Chien', 'Entretien du poil et Accessoires pour chien', 'Harnais']",Vitakraft,True,False,false,,,200g,[],https://courses.monoprix.fr/images-v3/0c44253f-c4a3-4340-9d37-d41e42b9d14a/c0de7062-bcea-4372-a8f1-c4c0734cfdcd/300x300.jpg
Animaux,e97c858e-03b9-44cc-85b0-15f9f70e6cd7,MPX_4109319,Animalis Aliments en Flocons pour Guppys 250ml,7.95,31.8,"['Animaux', 'Boutique Animalis', 'Poisson', 'Alimentation']",Animalis,True,False,false,,,250ml,[],https://courses.monoprix.fr/images-v3/0c44253f-c4a3-4340-9d37-d41e42b9d14a/859e1b51-94c4-4878-9022-b2a594b6120e/300x300.jpg
Animaux,c62c7f7d-c468-4e44-ac01-47f2f6d8208e,MPX_4109313,Animalis Mélange de Vitamines Sirop Vitalité pour Rongeur 15ml,9.5,633.33,"['Animaux', 'Boutique Animalis', 'Lapin, Hamster et Autres Rongeurs', 'Alimentation']",Animalis,True,False,false,,,15ml,[],https://courses.monoprix.fr/images-v3/0c44253f-c4a3-4340-9d37-d41e42b9d14a/a54bd6bb-7485-40ce-a215-73f572ddf2a9/300x300.jpg
Animaux,488ececb-b903-4579-b15c-44fefda9ef68,MPX_4077906,Paradisio Carde Chien,9.95,55.28,"['Animaux', 'Boutique Animalis', 'Chien', 'Entretien du poil et accessoires pour chien']",Paradisio,True,False,false,,,180g,[],https://courses.monoprix.fr/images-v3/0c44253f-c4a3-4340-9d37-d41e42b9d14a/a3920aae-addd-441c-9e91-4a82633bcdf4/300x300.jpg
Animaux,84605a77-085c-4c23-962d-a6dcf100d455,MPX_3525464,Vitakraft Pipettes Parasites pour Chien de 15kg x6 Pipettes,10.5,700.0,"['Animaux', 'Chien', 'Entretien du poil et Accessoires pour chien', 'Entretien du poil et Hygiène']",Vitakraft,True,False,false,6.0,MONTH,15g,[],https://courses.monoprix.fr/images-v3/0c44253f-c4a3-4340-9d37-d41e42b9d14a/3252a016-d187-4993-b959-6855b2ce02e2/300x300.jpg
Animaux,a44e31c4-4c53-4a18-b64e-0526be46c130,MPX_4111053,Vitakraft Flexi Fun S Laisse pour Chien Coloris Aléatoire,10.79,81.74,"['Animaux', 'Chien', 'Entretien du poil et Accessoires pour chien', 'Laisse']",Vitakraft,True,False,false,,,132g,[],https://courses.monoprix.fr/images-v3/0c44253f-c4a3-4340-9d37-d41e42b9d14a/90e6ba36-01b7-4ef9-8a26-79b07e1c2ad4/300x300.jpg
Animaux,7334ca35-ecec-47a3-81d3-cdc770b5684e,MPX_4111052,Vitakraft Harnais + Laisse Pour Chat,10.9,10.9,"['Animaux', 'Chien', 'Entretien du poil et Accessoires pour chien', 'Laisse']",Vitakraft,True,False,false,,,,[],https://courses.monoprix.fr/images-v3/0c44253f-c4a3-4340-9d37-d41e42b9d14a/7e419eed-eb63-4ae5-834f-ab6bda3ae8b3/300x300.jpg
Animaux,56ee971e-df1c-4d45-a2b5-de19eb91cc50,MPX_4077763,Animalis Laisse Basic Confort 15mm et 120cm pour Chien Rouge,10.95,182.5,"['Animaux', 'Boutique Animalis', 'Chien', 'Entretien du poil et accessoires pour chien']",Animalis,True,False,false,,,60g,[],https://courses.monoprix.fr/images-v3/0c44253f-c4a3-4340-9d37-d41e42b9d14a/32e6565d-55e2-4079-a48d-9ef8bc68cb79/300x300.jpg
Animaux,a5d2359b-076f-4bc4-9871-75d0940b8353,MPX_4109421,Animalis Nature Mélange Équilibré pour Dègue 1kg,10.95,10.95,"['Animaux', 'Boutique Animalis', 'Lapin, Hamster et Autres Rongeurs', 'Alimentation']",Animalis Nature,True,False,false,,,1kg,[],https://courses.monoprix.fr/images-v3/0c44253f-c4a3-4340-9d37-d41e42b9d14a/58f6f639-90c0-4276-9ce7-39f68bcd5851/300x300.jpg
Animaux,d44b9de6-87ea-4a62-9cab-30a2922b134c,MPX_6600194,"Nestor Bio Croquettes pour Chien de petite race Volaille Bio 1,2kg",11.9,9.92,"['Animaux', 'Chien', 'Croquettes', 'Petits Chiens (moins de 10 kilos)']",NESTOR BIO,True,False,false,6.0,MONTH,1.2kg,[],https://courses.monoprix.fr/images-v3/0c44253f-c4a3-4340-9d37-d41e42b9d14a/1bb638c1-b2e1-4191-9c4f-65cc32d41374/300x300.jpg
Animaux,d103e381-84bf-46bc-b90c-57710c4a1e21,MPX_4077848,Isaya Shampooing Antipelliculaire pour Chien & Chat 250ml,11.95,47.8,"['Animaux', 'Boutique Animalis', 'Chien', 'Entretien du poil et accessoires pour chien']",Isaya,True,False,false,,,250ml,[],https://courses.monoprix.fr/images-v3/0c44253f-c4a3-4340-9d37-d41e42b9d14a/3c1f6403-eb4a-4196-9454-bd845959b16c/300x300.jpg
Animaux,70b03461-2415-4794-9426-954af50c9344,MPX_4077908,Paradisio Carde Rétractable pour Chien,12.95,58.86,"['Animaux', 'Boutique Animalis', 'Chien', 'Entretien du poil et accessoires pour chien']",Paradisio,True,False,false,,,220g,[],https://courses.monoprix.fr/images-v3/0c44253f-c4a3-4340-9d37-d41e42b9d14a/29bafba9-c7a9-4aec-88a3-b5304dea21b4/300x300.jpg
Animaux,939e067a-fdf8-4ed9-8506-c8167ae7a284,MPX_4198833,"Flexi Fun M (rouge, noir, bleu)",13.9,71.28,"['Animaux', 'Chien', 'Entretien du poil et Accessoires pour chien', 'Laisse']",Vitakraft,True,False,false,6.0,MONTH,195g,[],https://courses.monoprix.fr/images-v3/0c44253f-c4a3-4340-9d37-d41e42b9d14a/3acbac52-a40b-48ab-b24f-0558bcdd23be/300x300.jpg
Animaux,20d1673e-2ed1-488f-9895-0bde6bc1d570,MPX_4077841,Isaya Lotion Brillance Extrait de Tilleul Chiens & Chats 250ml,13.9,55.6,"['Animaux', 'Boutique Animalis', 'Chien', 'Entretien du poil et accessoires pour chien']",Isaya,True,False,false,,,250ml,[],https://courses.monoprix.fr/images-v3/0c44253f-c4a3-4340-9d37-d41e42b9d14a/4f305f4a-077d-4fe6-964d-72d78a2724e8/300x300.jpg
Animaux,1115510d-c40c-44de-894c-855352d85f64,MPX_4077571,Animalis Collier Fantaisie Poisson pour Chat Noir,13.95,697.5,"['Animaux', 'Boutique Animalis', 'Chat', 'Entretien du poil, hygiène et accessoires pour chat']",Animalis,True,False,false,,,20g,[],https://courses.monoprix.fr/images-v3/0c44253f-c4a3-4340-9d37-d41e42b9d14a/6ee423d2-ab3f-4fb3-b2d5-b65750fea229/300x300.jpg
Animaux,706d7724-e281-4749-b548-e1b7fabf02b3,MPX_4109314,Animalis Mélange Complet pour Rat 2kg,14.95,7.48,"['Animaux', 'Boutique Animalis', 'Lapin, Hamster et Autres Rongeurs', 'Alimentation']",Animalis,True,False,false,,,2kg,[],https://courses.monoprix.fr/images-v3/0c44253f-c4a3-4340-9d37-d41e42b9d14a/fdc57676-a3da-4b70-8066-1e4f03eac005/300x300.jpg
Animaux,8d197892-743b-4a0b-8f66-cb10dec4177a,MPX_4109402,Animalis séparateur voiture pour chien,15.95,79.75,"['Animaux', 'Chien', 'Jouets']",Animalis,True,False,false,,,200g,[],https://courses.monoprix.fr/images-v3/0c44253f-c4a3-4340-9d37-d41e42b9d14a/60631caa-be2b-4e81-8996-1b8776464bb8/300x300.jpg
Animaux,d8187925-b5e9-4e39-a430-ee81c961ee82,MPX_1280974,Vitakraft panier de transport,24.5,25.0,"['Animaux', 'Chat', 'Entretien du poil, Hygiène et Accessoires pour chat', 'Niche et Transport']",Vitakraft,True,False,false,6.0,MONTH,980g,[],https://courses.monoprix.fr/images-v3/0c44253f-c4a3-4340-9d37-d41e42b9d14a/bf957a37-e55b-42f2-8e91-8d0efc4048eb/300x300.jpg
Animaux,d2e1ca05-a474-4fbe-897a-015ba919806e,MPX_4083177,Monoprix Laisse Noir en cuir x1,25.99,25.99,"['Animaux', 'Chat', 'Entretien du poil, Hygiène et Accessoires pour chat', 'Collier, Laisse et Harnais']",MONOPRIX,True,False,false,,,,[],https://courses.monoprix.fr/images-v3/0c44253f-c4a3-4340-9d37-d41e42b9d14a/35268a22-cf57-4505-b69c-3a691746b68c/300x300.jpg
Animaux,5a84b94c-03ea-4b64-b745-817c7951b09f,MPX_6642808,Vitakraft panier de transport monté taille 2 et 3,29.9,29.9,"['Animaux', 'Chat', 'Entretien du poil, Hygiène et Accessoires pour chat', 'Niche et Transport']",Vitakraft,True,False,false,6.0,MONTH,,[],https://courses.monoprix.fr/images-v3/0c44253f-c4a3-4340-9d37-d41e42b9d14a/03be0e20-ec82-49cb-a0dc-ece15d289db8/300x300.jpg
Animaux,0869c5aa-160b-4972-8cf3-de1ceeea68a1,MPX_4077723,Animalis Harnais Basic Confort Taupe 40mm 96/120cm,44.95,95.64,"['Animaux', 'Boutique Animalis', 'Chien', 'Entretien du poil et accessoires pour chien']",Animalis,True,False,false,,,470g,[],https://courses.monoprix.fr/images-v3/0c44253f-c4a3-4340-9d37-d41e42b9d14a/39eb2635-6483-42ce-a5cd-028a72872c1c/300x300.jpg
Animaux,68d29b78-dec4-4612-8aa1-82aa05c0790c,MPX_166860,Purina Gourmet Gold Les Terrines pour Chat 4x85g,3.09,9.09,"['Animaux', 'Chat', 'Boites et Barquettes', 'Premium']",Gourmet,True,False,false,6.0,MONTH,340g,[],https://courses.monoprix.fr/images-v3/0c44253f-c4a3-4340-9d37-d41e42b9d14a/7ef0f14e-9cfe-4670-966d-ac33bb81002b/300x300.jpg
Animaux,09aeea19-87e4-424b-82f7-5a53c8017f8a,MPX_1651556,Purina Gourmet Gold Double Délice Bouchées en Sauce Chat 12x85g,7.55,7.4,"['Animaux', 'Chat', 'Boites et Barquettes', 'Premium']",GOURMET GOLD,True,False,false,6.0,MONTH,1.02kg,[],https://courses.monoprix.fr/images-v3/0c44253f-c4a3-4340-9d37-d41e42b9d14a/d6c0bc5a-c7b8-40b8-80e5-5a57864d098b/300x300.jpg
Animaux,af635605-23f7-4082-a23c-6091161680ff,MPX_4216944,"Sheba Filets au Poulet, aux Crevettes et aux Poissons de l'Océan pour chat adulte 60g",1.59,26.5,"['Animaux', 'Chat', 'Boites et Barquettes', 'Standard']",Sheba,True,False,false,6.0,MONTH,60g,[],https://courses.monoprix.fr/images-v3/0c44253f-c4a3-4340-9d37-d41e42b9d14a/eadf7805-9c8e-4837-bbdf-76d085e3acec/300x300.jpg
Animaux,f4019c72-b2fa-4794-92d2-6a6851697c45,MPX_3428673,Perfect Fit Sachet Repas Poulet Saumon Pour Chats Stérilisés 4 X 85G,4.19,12.32,"['Animaux', 'Chat', 'Sachets', 'Premium']",Perfect Fit,True,False,false,6.0,MONTH,340g,[],https://courses.monoprix.fr/images-v3/0c44253f-c4a3-4340-9d37-d41e42b9d14a/7ebbe423-2e5d-4caa-87c8-eac85d18a0ec/300x300.jpg
Animaux,9d993b80-7cdd-4300-bf1e-b808a4a77e3e,MPX_2823892,Purina Gourmet Gold Les Timbales Multi Variétés Aux Légumes 12X85g,8.45,8.28,"['Animaux', 'Chat', 'Boites et Barquettes', 'Premium']",GOURMET GOLD,True,False,false,2.0,MONTH,1.02kg,[],https://courses.monoprix.fr/images-v3/0c44253f-c4a3-4340-9d37-d41e42b9d14a/7efc52e1-f8aa-439c-99b1-a16f1c1dbde4/300x300.jpg
Animaux,368e9b34-d283-476a-900b-16351870de81,MPX_2987090,Sheba Mini Filets Pâté Pour Chat 4X85G,3.35,9.85,"['Animaux', 'Chat', 'Sachets', 'Premium']",Sheba,True,False,false,2.0,MONTH,340g,[],https://courses.monoprix.fr/images-v3/0c44253f-c4a3-4340-9d37-d41e42b9d14a/569a09ce-8194-4e74-a49a-e7c6516784b5/300x300.jpg
Animaux,90547d17-a473-4fae-b618-92a6ce3d8e81,MPX_3173650,Purina Gourmet Gold Les Terrines Aux Légumes 12X85G,7.55,7.4,"['Animaux', 'Chat', 'Boites et Barquettes', 'Premium']",Gourmet,True,False,false,1.0,MONTH,1.02kg,[],https://courses.monoprix.fr/images-v3/0c44253f-c4a3-4340-9d37-d41e42b9d14a/0458f6f5-b00c-40d0-ba00-77384feb5f79/300x300.jpg
Animaux,a9852a1a-8477-4b9d-9ac4-efa8ceca903b,MPX_2385120,Cesar Barquettes en terrine pour chien au cœur de légumes 4x150g,5.65,9.42,"['Animaux', 'Chien', 'Repas', 'Boites et barquettes']",CESAR,True,False,false,6.0,MONTH,600g,[],https://courses.monoprix.fr/images-v3/0c44253f-c4a3-4340-9d37-d41e42b9d14a/dc416df5-54a9-4d14-ac88-eea2fedd2a48/300x300.jpg
Animaux,51c76f77-24fb-4918-9c5c-12da4ca338dc,MPX_3858500,Purina One Paté Pour Chat Stérilisé Multipack 8 X 85G,7.69,11.31,"['Animaux', 'Chat', 'Sachets', 'Premium']",Purina,True,False,false,6.0,MONTH,680g,[],https://courses.monoprix.fr/images-v3/0c44253f-c4a3-4340-9d37-d41e42b9d14a/c51095b4-1f96-4fa0-9b4e-f403f6bff101/300x300.jpg
Animaux,f0916231-9c78-4ac5-92ff-fefef12f3336,MPX_3173651,Purina Gourmet Gold Les Mousselines 24X85G,9.69,4.75,"['Animaux', 'Chat', 'Boites et Barquettes', 'Premium']",GOURMET GOLD,True,False,false,2.0,MONTH,2.04kg,[],https://courses.monoprix.fr/images-v3/0c44253f-c4a3-4340-9d37-d41e42b9d14a/778b3e98-ceb9-4815-a035-586fd953567b/300x300.jpg
Animaux,0eff26b0-8294-4281-8e07-5b05762717ca,MPX_2824397,Catisfactions Friandises Au Fromage Pour Chat Et Chaton 60G,1.65,27.5,"['Animaux', 'Chat', 'Friandises']",Catisfactions,True,False,false,6.0,MONTH,60g,[],https://courses.monoprix.fr/images-v3/0c44253f-c4a3-4340-9d37-d41e42b9d14a/0f3eb9d8-3dba-4d68-ba85-c1580663a9b7/300x300.jpg
Animaux,00af59c2-802a-4f37-b3a8-e9de1a2741d9,MPX_4201509,Purina Gourmet Revelations Mousseline Au Poulet 4x57g,4.35,19.08,"['Animaux', 'Chat', 'Boites et Barquettes', 'Premium']",PURINA,True,False,false,6.0,MONTH,228g,[],https://courses.monoprix.fr/images-v3/0c44253f-c4a3-4340-9d37-d41e42b9d14a/9e334232-61d9-417a-a3b6-ba18753aaf7f/300x300.jpg
Animaux,1de988cc-3be4-4e42-a836-b11e7bbcc3b6,MPX_3537379,Vitakraft Cat-Sticks Mini Saumon Truite 3 X,1.25,69.44,"['Animaux', 'Chat', 'Friandises']",Vitakraft,True,False,false,2.0,MONTH,18g,[],https://courses.monoprix.fr/images-v3/0c44253f-c4a3-4340-9d37-d41e42b9d14a/f76deb86-773c-4a34-a6c7-2f7056fd153c/300x300.jpg
Animaux,76a3498a-f864-4b38-9a50-d051bbcd50e7,MPX_6307804,Whiskas sachets fraîcheur les poissons favoris en gelée pour chat adulte 12x 85g,6.75,6.62,"['Animaux', 'Chat', 'Sachets', 'Standard']",Whiskas,True,False,false,6.0,MONTH,12 x 85g,[],https://courses.monoprix.fr/images-v3/0c44253f-c4a3-4340-9d37-d41e42b9d14a/353d2e8f-f7ae-4bb7-b718-150eb09a1a21/300x300.jpg
Animaux,18e4b8b7-7336-4af3-9d11-db8b6f95b831,MPX_1456234,Pedigree Dentastix Bâtonnets pour petit chien 110g,2.35,21.36,"['Animaux', 'Chien', 'Hygiène bucco-dentaire']",Pedigree,True,False,false,6.0,MONTH,110g,[],https://courses.monoprix.fr/images-v3/0c44253f-c4a3-4340-9d37-d41e42b9d14a/3f08a587-e230-47e8-b6bd-c0b6026a5d8c/300x300.jpg
Animaux,6d5cf613-9e1a-45a7-ba2a-415d5e0ce3ab,MPX_3403648,Nestor Bio Pâtée Volaille Pour Chat Bio 100G,1.69,16.9,"['Animaux', 'Chat', 'Boites et Barquettes', 'Bio']",NESTORBIO,True,False,false,6.0,MONTH,100g,[],https://courses.monoprix.fr/images-v3/0c44253f-c4a3-4340-9d37-d41e42b9d14a/22faa0a2-a2ca-454c-a621-1dc4143a04ba/300x300.jpg
Animaux,a53e02f9-0caa-4538-9053-130948cc6ad1,MPX_655607,Purina One Croquettes Chat adulte au saumon et céréales 450g,3.35,7.44,"['Animaux', 'Chat', 'Croquettes', 'Adultes']",Purina one,True,False,false,6.0,MONTH,450g,[],https://courses.monoprix.fr/images-v3/0c44253f-c4a3-4340-9d37-d41e42b9d14a/7e3a419d-1c31-4e2e-bdce-5ecf26b8a1f7/300x300.jpg
Animaux,b497e448-d372-4bf9-8ab1-a49582aee396,MPX_1651558,Gourmet Gold Les Noisettes Bouchées pour Chat 12x85g,7.49,7.34,"['Animaux', 'Chat', 'Boites et Barquettes', 'Premium']",GOURMET GOLD,True,False,false,6.0,MONTH,1.02kg,[],https://courses.monoprix.fr/images-v3/0c44253f-c4a3-4340-9d37-d41e42b9d14a/552ffd3c-7525-4db6-8800-c2a71ee8fab1/300x300.jpg
Animaux,070bbc16-c00b-4d7c-b755-bb0b1fbfa711,MPX_2975604,Vitakraft Sticks Poulet Et Herbe À Chat - Cat Stick Mini 3 x 18G,1.39,77.22,"['Animaux', 'Chat', 'Entretien du poil, Hygiène et Accessoires pour chat', 'Entretien du poil et Hygiène']",Vitakraft,True,False,false,2.0,MONTH,18g,[],https://courses.monoprix.fr/images-v3/0c44253f-c4a3-4340-9d37-d41e42b9d14a/b66d5e86-677f-4f39-bada-eef4b2cd593f/300x300.jpg
Animaux,2f2d5b0f-7485-47cc-b0e5-0e04ce0caa7b,MPX_1374334,"Vitakraft Cat-Stick Mini, Aliment Complémentaire Pour Chat Au Canard & Lapin 18G",1.59,88.33,"['Animaux', 'Chat', 'Friandises']",Vitakraft,True,False,false,6.0,MONTH,18g,[],https://courses.monoprix.fr/images-v3/0c44253f-c4a3-4340-9d37-d41e42b9d14a/1961ec11-1690-480a-8a0c-289d128ca449/300x300.jpg
Animaux,f276c1d0-c93d-43cd-9da1-6e3cfa006922,MPX_4124131,Perfect Fit Natural Vitality Sachets Fraîcheur Poulet & Dinde pour Chat Adulte Stérilisé 6x50g,4.19,13.97,"['Animaux', 'Chat', 'Sachets', 'Premium']",Perfect Fit,True,False,false,6.0,MONTH,300g,[],https://courses.monoprix.fr/images-v3/0c44253f-c4a3-4340-9d37-d41e42b9d14a/4681ad7b-03cd-43f1-9253-8034e518ce27/300x300.jpg
Animaux,27a30bd3-346b-4a9a-b810-49e37c67444b,MPX_3168423,"Cesar Terrines Traiteur 4 Variétés, Pour Chien 4 x 150g",5.65,9.42,"['Animaux', 'Chien', 'Repas', 'Boites et barquettes']",Cesar,True,False,false,6.0,MONTH,600g,[],https://courses.monoprix.fr/images-v3/0c44253f-c4a3-4340-9d37-d41e42b9d14a/3b02445e-882b-4753-9bdd-10e00fcfdc80/300x300.jpg
Animaux,8f5aadff-408e-4efa-b04c-ef8f7465fa50,MPX_655648,Purina One Croquettes Chat adulte au poulet et céréales 450g,3.59,7.98,"['Animaux', 'Chat', 'Croquettes', 'Adultes']",Purina one,True,False,false,2.0,MONTH,450g,[],https://courses.monoprix.fr/images-v3/0c44253f-c4a3-4340-9d37-d41e42b9d14a/eb145c91-5a6f-4fd9-b78c-7b404ea993f7/300x300.jpg
Animaux,388a77a7-88ed-4371-8214-c3515f7aa751,MPX_6614798,Purina Gourmet les Effilochés en Sauce 12x85g,8.19,8.03,"['Animaux', 'Chat', 'Boites et Barquettes', 'Premium']",Purina,True,False,false,6.0,MONTH,12 x 85g,[],https://courses.monoprix.fr/images-v3/0c44253f-c4a3-4340-9d37-d41e42b9d14a/98e28fef-c5dd-472a-a038-385b77734009/300x300.jpg
Animaux,d98bf0ec-4507-45ad-a1ba-0c3b6278f018,MPX_3859590,Purina One Effilés en sauce Chat difficile 4x85g,3.19,9.38,"['Animaux', 'Chat', 'Sachets', 'Premium']",PURINA,True,False,false,6.0,MONTH,340g,[],https://courses.monoprix.fr/images-v3/0c44253f-c4a3-4340-9d37-d41e42b9d14a/e500d860-b646-4ba9-85eb-08f9b983356c/300x300.jpg
Animaux,28b6f480-3827-4bf0-b3f0-18ce9789d7ff,MPX_2336363,Vitakraft Cat Liquid-Snack Canard & Bêta-Glucanes X6,4.49,49.89,"['Animaux', 'Chat', 'Friandises']",Vitakraft,True,False,false,6.0,MONTH,90ml,[],https://courses.monoprix.fr/images-v3/0c44253f-c4a3-4340-9d37-d41e42b9d14a/ca65a65a-f977-4fe9-b172-b3f69f89ee2d/300x300.jpg
Animaux,e5897a08-b49d-45da-b3ee-6d177d10d5bc,MPX_4231318,Felix Tendres Effilés En Gelée Viandes 12X85G,6.75,6.62,"['Animaux', 'Chat', 'Sachets', 'Premium']",FELIX,True,False,false,6.0,MONTH,12 x 85g,[],https://courses.monoprix.fr/images-v3/0c44253f-c4a3-4340-9d37-d41e42b9d14a/bf7bc218-3507-4755-abfc-3ec2ecee12b6/300x300.jpg
Animaux,246a42c4-1af2-476d-b0dd-fada257a24cc,MPX_4201502,Purina Gourmet Révélations Mousseline Au Thon 4X57g,4.35,19.08,"['Animaux', 'Chat', 'Boites et Barquettes', 'Premium']",PURINA,True,False,false,6.0,MONTH,228g,[],https://courses.monoprix.fr/images-v3/0c44253f-c4a3-4340-9d37-d41e42b9d14a/d6b73f97-a4e6-42aa-8dc2-0e807fd3c009/300x300.jpg
Animaux,d8435412-5633-4590-b9c0-cacf215081fc,MPX_6640542,Perfect fit croquettes saumon frais chat adulte 1+ stérilisé 1.4kg,8.49,6.06,"['Animaux', 'Chat', 'Croquettes', 'Adultes']",Perfect fit,True,False,false,6.0,MONTH,1.4kg,[],https://courses.monoprix.fr/images-v3/0c44253f-c4a3-4340-9d37-d41e42b9d14a/3f82f761-9dd1-4f11-a7da-b70eab8bc0d6/300x300.jpg
Animaux,ba01c88b-39f9-414c-92a0-4fa78319f30a,MPX_3672293,Gourmet Pâtée Pour Chats Adultes Gold 12x85g,7.69,0.63,"['Animaux', 'Chat', 'Boites et Barquettes', 'Premium']",Gourmet,True,False,false,6.0,MONTH,12 x 1.02kg,[],https://courses.monoprix.fr/images-v3/0c44253f-c4a3-4340-9d37-d41e42b9d14a/fa6a564c-de2b-4807-8d6b-60ee2e270d85/300x300.jpg
Animaux,daba31b1-b320-462a-895b-73bc224e8555,MPX_4231343,Purina Felix Tendres Effilés en gelée poissons 12x85g,6.75,6.62,"['Animaux', 'Chat', 'Sachets', 'Premium']",Felix,True,False,false,6.0,MONTH,12 x 85g,[],https://courses.monoprix.fr/images-v3/0c44253f-c4a3-4340-9d37-d41e42b9d14a/fbdd519f-f758-44d9-8bb5-116b2055b9e5/300x300.jpg
Animaux,2bbff1dd-b0c2-4b36-9b70-8fb9efd03d73,MPX_3173654,"Purina One Croquettes Chat Stérilisé D'Intérieur Au Poulet 1,5Kg",9.95,6.63,"['Animaux', 'Chat', 'Croquettes', 'Besoins spécifiques']",Purina one,True,False,false,1.0,MONTH,1.5kg,[],https://courses.monoprix.fr/images-v3/0c44253f-c4a3-4340-9d37-d41e42b9d14a/21e7f22d-52df-484f-99f5-a5f5de5bbd8a/300x300.jpg
Animaux,d18c2a1e-e5f9-4c71-bf7a-f4d961b13913,MPX_3859528,Dentalife Friandises Chat au saumon 40g,1.89,47.25,"['Animaux', 'Chat', 'Friandises']",DENTALIFE,True,False,false,6.0,MONTH,40g,[],https://courses.monoprix.fr/images-v3/0c44253f-c4a3-4340-9d37-d41e42b9d14a/41704a4b-6c83-4d73-a208-e6ff43cb61f7/300x300.jpg
Animaux,796a3f15-0132-4e6c-90ae-a40638daf06c,MPX_1291474,Purina Gourmet Perle Les Filettines en Sauce Pâtée pour Chat 12x85g,8.19,8.03,"['Animaux', 'Chat', 'Sachets', 'Premium']",Gourmet,True,False,false,6.0,MONTH,1.02kg,[],https://courses.monoprix.fr/images-v3/0c44253f-c4a3-4340-9d37-d41e42b9d14a/b1ff87e3-4246-41da-8519-32bf90efeedd/300x300.jpg
Animaux,0fca32bf-c2eb-437c-b9cd-2e93c1216292,MPX_6565241,Edgard & Cooper Pâté Canard & Poulet pour Chatons 85g,1.39,16.35,"['Animaux', 'Chat', 'Boites et Barquettes']",Edgard Cooper,True,False,false,6.0,MONTH,85g,[],https://courses.monoprix.fr/images-v3/0c44253f-c4a3-4340-9d37-d41e42b9d14a/9a148b61-856a-4ff8-b1df-758e02167b05/300x300.jpg
Animaux,c548c7cc-a822-47fa-9d26-4f009a51e3b0,MPX_6307806,Whiskas sachets fraîcheur les festins à la volaille en gelée pour chaton 12x 85g,6.75,6.62,"['Animaux', 'Chat', 'Sachets', 'Standard']",Whiskas,True,False,false,6.0,MONTH,12 x 85g,[],https://courses.monoprix.fr/images-v3/0c44253f-c4a3-4340-9d37-d41e42b9d14a/598888cb-7a32-485d-a793-1bd5dd371afb/300x300.jpg
Animaux,290449a3-406a-4c3c-9763-818eef88c12f,MPX_2823891,Purina Gourmet Perle Pâtée Pour Chat Les Filettines Avec Des Légumes 12X85g,8.45,8.28,"['Animaux', 'Chat', 'Sachets', 'Premium']",Purina,True,False,false,2.0,MONTH,1.02kg,[],https://courses.monoprix.fr/images-v3/0c44253f-c4a3-4340-9d37-d41e42b9d14a/49531465-1c03-4279-89d5-88e379fed1da/300x300.jpg
Animaux,89f08578-7473-4cbe-9537-0bac8722b3da,MPX_3859580,Gourmet Perle Duo à la viande 4x85g,2.49,7.32,"['Animaux', 'Chat', 'Sachets', 'Premium']",PURINA,True,False,false,6.0,MONTH,340g,[],https://courses.monoprix.fr/images-v3/0c44253f-c4a3-4340-9d37-d41e42b9d14a/0534748d-7453-433f-aabc-6fd3d07678d0/300x300.jpg
Animaux,e9327f7b-54c7-4f0b-9ab8-dcd8572e1a18,MPX_3859591,Purina One Effilés Chat sensible au thon et poulet 4x85g,3.09,9.09,"['Animaux', 'Chat', 'Sachets', 'Premium']",Purina,True,False,false,6.0,MONTH,340g,[],https://courses.monoprix.fr/images-v3/0c44253f-c4a3-4340-9d37-d41e42b9d14a/aeb61293-42bc-4ae9-ba4d-c712afb4c2e8/300x300.jpg
Animaux,37409ae1-c544-4718-8150-0018d535ece8,MPX_952968,Cesar Barquettes pour chien en gelée 4 variétés senior 4x150g,5.65,9.42,"['Animaux', 'Chien', 'Repas', 'Boites et barquettes']",CESAR,True,False,false,6.0,MONTH,600g,[],https://courses.monoprix.fr/images-v3/0c44253f-c4a3-4340-9d37-d41e42b9d14a/842a257d-d81d-409a-ad6f-9bab6c0b099e/300x300.jpg
Animaux,b75ba790-975c-4875-ae4b-5d5b90b8ceeb,MPX_4231321,"Purina Felix Tendres Effilés En Gelée Viandes, Poissons Et Légumes 24x85g",12.5,6.13,"['Animaux', 'Chat', 'Sachets', 'Premium']",FELIX,True,False,false,6.0,MONTH,24 x 85g,[],https://courses.monoprix.fr/images-v3/0c44253f-c4a3-4340-9d37-d41e42b9d14a/efcb3a3d-0b2b-484f-bb32-13f58e1ecd5f/300x300.jpg
Animaux,21c8f0f7-c4ab-4862-8d2e-9fdfb2d40d9c,MPX_3821677,Edgard & Cooper Croquettes Pour Chien Adulte Au Poulet Sans Céréales 1kg,11.5,11.5,"['Animaux', 'Chien', 'Croquettes', 'Moyens et Grands Chiens (plus de 10 kilos)']",Edgard & Cooper,True,False,false,6.0,MONTH,1kg,[],https://courses.monoprix.fr/images-v3/0c44253f-c4a3-4340-9d37-d41e42b9d14a/4d3c558e-0961-4191-b806-62a12a9a2c61/300x300.jpg
Animaux,d5340d9c-6826-4ab5-b743-803fc6ac65f4,MPX_3872335,Whiskas Sticks au Poulet x3,1.29,71.67,"['Animaux', 'Chat', 'Friandises']",Whiskas,True,False,false,2.0,MONTH,18g,[],https://courses.monoprix.fr/images-v3/0c44253f-c4a3-4340-9d37-d41e42b9d14a/27a7d92e-21e0-497e-aa73-bbf9eaa79490/300x300.jpg
Animaux,cebf05e2-c3e3-47f0-b083-0365e9bd9f26,MPX_2823893,"Purina One Croquettes Chat Stérilisé Au Poulet Et Blé 1,5Kg",9.95,6.63,"['Animaux', 'Chat', 'Croquettes', 'Stérilisés']",Purina one,True,False,false,6.0,MONTH,1.5kg,[],https://courses.monoprix.fr/images-v3/0c44253f-c4a3-4340-9d37-d41e42b9d14a/1c10fa45-bda5-46eb-b845-4c041574c2fc/300x300.jpg
Animaux,9f979c6c-b4d3-4058-a9b9-c0707b032cba,MPX_2454151,Sheba Barquettes en terrine aux poissons pour chat 85g,8.59,8.42,"['Animaux', 'Chat', 'Boites et Barquettes', 'Premium']",Sheba,True,False,false,6.0,MONTH,1.02kg,[],https://courses.monoprix.fr/images-v3/0c44253f-c4a3-4340-9d37-d41e42b9d14a/7451744c-a657-47c5-a6d1-96c1b91d92be/300x300.jpg
Animaux,bf3b7bc5-0966-40e6-a4b3-8baffe09d58c,MPX_3525467,Vitakraft Beef-Stickboeuf P/4 48g,2.85,59.37,"['Animaux', 'Chien', 'Friandises et Biscuits']",Vitakraft,True,False,false,6.0,MONTH,48g,[],https://courses.monoprix.fr/images-v3/0c44253f-c4a3-4340-9d37-d41e42b9d14a/37dc434f-90b3-418a-ba5d-de5a80e6a34e/300x300.jpg
Animaux,d7a76c68-dc0d-4b37-9e53-0a0f6e924bc9,MPX_4231336,Purina Felix Tendres Effilés En Gelée Aux Viandes Et Poissons 24X85G,11.9,5.83,"['Animaux', 'Chat', 'Sachets', 'Standard']",FELIX,True,False,false,6.0,MONTH,2.04kg,[],https://courses.monoprix.fr/images-v3/0c44253f-c4a3-4340-9d37-d41e42b9d14a/e7896b8b-ee93-4033-ad97-cdd8e020d73d/300x300.jpg
Animaux,aab59aea-a8bd-4743-8a27-4f0fc8d78b0d,MPX_3766096,Pedigree Schmackos Friandises pour chien x20 144g,3.09,21.46,"['Animaux', 'Chien', 'Friandises et Biscuits']",Pedigree,True,False,false,6.0,MONTH,144g,[],https://courses.monoprix.fr/images-v3/0c44253f-c4a3-4340-9d37-d41e42b9d14a/6b261739-fc1e-4d8f-893b-647d00b017ac/300x300.jpg
Animaux,de745e70-00ee-4d31-813d-c494fbde27bf,MPX_2336362,Vitakraft Cat Liquid-Snack Boeuf & Inuline,4.49,49.89,"['Animaux', 'Chat', 'Friandises']",Vitakraft,True,False,false,6.0,MONTH,90ml,[],https://courses.monoprix.fr/images-v3/0c44253f-c4a3-4340-9d37-d41e42b9d14a/9a3e2202-c546-4eb2-995b-10342f73879c/300x300.jpg
Animaux,c333f3b0-f7a9-4eba-9eb8-911fe98c459a,MPX_3859589,Purina One Chat Junior Au Saumon 4X85G,3.35,9.85,"['Animaux', 'Chat', 'Sachets', 'Premium']",PURINA,True,False,false,6.0,MONTH,340g,[],https://courses.monoprix.fr/images-v3/0c44253f-c4a3-4340-9d37-d41e42b9d14a/c6605c47-4503-4123-b127-7254a77d50ae/300x300.jpg
Animaux,f4673fa5-e578-4bfd-bd6b-460a1b0f7073,MPX_91065,Purina Gourmet Gold Les Mousselines Mousses pour Chat 4x85g,2.49,7.32,"['Animaux', 'Chat', 'Boites et Barquettes', 'Premium']",Gourmet,True,False,false,2.0,MONTH,340g,[],https://courses.monoprix.fr/images-v3/0c44253f-c4a3-4340-9d37-d41e42b9d14a/468c5618-9430-4cb8-b301-21a41cbe087b/300x300.jpg
Animaux,5c30c87e-ebc8-46dd-88c0-7af4d2b3efbc,MPX_3525466,Vitakraft Beef-Stick À La Dinde 12G,0.95,79.17,"['Animaux', 'Chien', 'Friandises et Biscuits']",Vitakraft,True,False,false,6.0,MONTH,12g,[],https://courses.monoprix.fr/images-v3/0c44253f-c4a3-4340-9d37-d41e42b9d14a/69c28962-7ac4-4e77-8008-7831a0bb01cc/300x300.jpg
Animaux,c634c70d-c693-43fa-8481-11368ac2cafc,MPX_2063771,Purina One Croquettes Chat Urinary Care Au Poulet Et Blé 450G,4.39,9.76,"['Animaux', 'Chat', 'Croquettes', 'Adultes']",PURINA,True,False,false,6.0,MONTH,450g,[],https://courses.monoprix.fr/images-v3/0c44253f-c4a3-4340-9d37-d41e42b9d14a/3d0723c7-e1fc-442e-8da0-8d1f398ba8a6/300x300.jpg
Animaux,0b3172cc-2d98-4976-aa93-e783918bcfb7,MPX_3859581,Purina Gourmet Perle Régal de Sauces 12x 85g,7.29,7.15,"['Animaux', 'Chat', 'Sachets', 'Premium']",PURINA,True,False,false,6.0,MONTH,1.02kg,[],https://courses.monoprix.fr/images-v3/0c44253f-c4a3-4340-9d37-d41e42b9d14a/edfe8ce1-99fa-41db-965c-1ed195dd8130/300x300.jpg
Animaux,599d77d3-4d13-4f6b-b03f-5020d8c66b09,MPX_3821691,Gourmet Nature'S Creation Au Poisson Multipack 8x 85g,7.59,11.16,"['Animaux', 'Chat', 'Boites et Barquettes', 'Premium']",PURINA,True,False,false,6.0,MONTH,680g,[],https://courses.monoprix.fr/images-v3/0c44253f-c4a3-4340-9d37-d41e42b9d14a/e1535a08-3b0f-4efe-9b01-ca9e6bb2100e/300x300.jpg
Animaux,2270232f-c883-4723-bedb-501c18888dcc,MPX_6307803,Pedigree cuisine boîtes en sauce 3 variétés pour chien adulte 6x 400g,9.99,4.16,"['Animaux', 'Chien', 'Repas', 'Boites et barquettes']",Pedigree,True,False,false,6.0,MONTH,6 x 400g,[],https://courses.monoprix.fr/images-v3/0c44253f-c4a3-4340-9d37-d41e42b9d14a/1f82194c-0cce-4e79-8f6f-12588baad629/300x300.jpg
Animaux,8e9895ee-7c98-4fbb-983a-c843444c1c22,MPX_1049,Cesar® Terrine Au Veau Et Aux Carottes Pour Chien 300G,2.35,7.83,"['Animaux', 'Chien', 'Repas', 'Boites et barquettes']",Cesar,True,False,false,6.0,MONTH,300g,[],https://courses.monoprix.fr/images-v3/0c44253f-c4a3-4340-9d37-d41e42b9d14a/757e46d9-ef85-469d-a0c1-15a6f366fd01/300x300.jpg
Animaux,2ff667a4-9d04-412d-8e0c-c1d25efb2d04,MPX_2495859,Whiskas Lait Pour Chats Adultes Et Chatons De Plus De 6 Semaines 200Ml,3.95,6.58,"['Animaux', 'Chat', 'Friandises']",Whiskas,True,False,false,1.0,MONTH,600ml,[],https://courses.monoprix.fr/images-v3/0c44253f-c4a3-4340-9d37-d41e42b9d14a/2d326226-0593-484d-85d9-9894747c3095/300x300.jpg
Animaux,a830bcfe-528d-4355-91fe-9390054d3cb4,MPX_1596773,"Ultima Croquettes Au Poulet & Orge Pour Chat Stérilisé Adulte 1,5Kg",9.39,6.26,"['Animaux', 'Chat', 'Croquettes', 'Stérilisés']",Ultima,True,False,false,2.0,MONTH,1.5kg,[],https://courses.monoprix.fr/images-v3/0c44253f-c4a3-4340-9d37-d41e42b9d14a/f2271552-3df8-4ea3-8cec-3bba9fed3a11/300x300.jpg
Animaux,446514a0-dfc7-4288-b094-1b07f9b7bc97,MPX_4041139,Perfect Fit Croquettes Au Saumon Et Aux Poissons Blancs Chat Adulte 1Kg,9.99,9.99,"['Animaux', 'Chat', 'Croquettes', 'Adultes']",Perfect Fit,True,False,false,6.0,MONTH,1kg,[],https://courses.monoprix.fr/images-v3/0c44253f-c4a3-4340-9d37-d41e42b9d14a/ac973cff-9baa-49af-9a9c-4327c6c2c27d/300x300.jpg
Animaux,a3ace330-225d-4f86-8538-3d88509a1f4d,MPX_3872345,Whiskas 4X390G Whisk.En Gelee Poissons,4.69,3.01,"['Animaux', 'Chat', 'Boites et Barquettes', 'Standard']",Whiskas,True,False,false,6.0,MONTH,1.56kg,[],https://courses.monoprix.fr/images-v3/0c44253f-c4a3-4340-9d37-d41e42b9d14a/2bc3dc99-097f-4b14-b5f7-bb6448b39f53/300x300.jpg
Animaux,d1f2f8e8-b621-4df0-a58a-59f795585de0,MPX_1737512,"Ultima Croquettes Au Saumon Pour Chat Stérilisé Adulte 1,5Kg",9.09,6.06,"['Animaux', 'Chat', 'Croquettes', 'Stérilisés']",Ultima,True,False,false,6.0,MONTH,1.5kg,[],https://courses.monoprix.fr/images-v3/0c44253f-c4a3-4340-9d37-d41e42b9d14a/91525cf5-586f-417d-8ef1-a8342158ad6a/300x300.jpg
Animaux,b4afe540-8a84-4b8b-af11-6b1a6796f385,MPX_3173648,Gourmet Perle Pâtée Chat Duo viande et poisson 12x85g,6.99,6.85,"['Animaux', 'Chat', 'Sachets', 'Premium']",PURINA,True,False,false,2.0,MONTH,1.02kg,[],https://courses.monoprix.fr/images-v3/0c44253f-c4a3-4340-9d37-d41e42b9d14a/845a19df-2495-4d8a-a944-3d6a99c31685/300x300.jpg
Animaux,c3e3b84d-433a-44bf-8b2c-b65c72d2e84c,MPX_4234041,Purina Felix Tendres Effilés en gelée à la viande et poissons Maxi Pack 44x84g,20.5,5.55,"['Animaux', 'Chat', 'Sachets', 'Standard']",FELIX,True,False,false,6.0,MONTH,44 x 84g,[],https://courses.monoprix.fr/images-v3/0c44253f-c4a3-4340-9d37-d41e42b9d14a/8f143955-19e2-4027-9b6b-a9ef204fa47b/300x300.jpg
Animaux,86d22778-b1b3-4fed-a2fc-df4676e17980,MPX_344506,"Monoprix Terrines Pour Chat 4 Recettes Volaille, Boeuf, Lapin, Saumon 400G",2.75,6.88,"['Animaux', 'Chat', 'Boites et Barquettes', 'Standard']",Monoprix,True,False,false,6.0,MONTH,400g,[],https://courses.monoprix.fr/images-v3/0c44253f-c4a3-4340-9d37-d41e42b9d14a/97721a2f-d35b-4e77-83f7-1b470c19dc35/300x300.jpg
Animaux,a2c62d76-7b83-4344-9a04-ee8f6b6618d3,MPX_3173658,Perfect Fit Pâtée saumon et poisson pour chat stérilisé adulte 4x85g,3.29,9.68,"['Animaux', 'Chat', 'Sachets', 'Premium']",Perfect fit,True,False,false,6.0,MONTH,340g,[],https://courses.monoprix.fr/images-v3/0c44253f-c4a3-4340-9d37-d41e42b9d14a/4d209f3e-440d-4126-a4e0-6133fe15cd82/300x300.jpg
Animaux,4d95ca55-072c-482d-9a95-120ce91385b2,MPX_4042573,"Ultima Nature Croquettes Pour Chat Stérilisé Adulte Sans Céréales Bœuf 1,10Kg",9.09,8.26,"['Animaux', 'Chat', 'Croquettes', 'Stérilisés']",ULTIMA NATURE,True,False,false,6.0,MONTH,1.1kg,[],https://courses.monoprix.fr/images-v3/0c44253f-c4a3-4340-9d37-d41e42b9d14a/8398cbcf-d322-4e0c-83f3-bfef62a998f8/300x300.jpg
Animaux,322b9ad2-9ce9-477a-9267-5534d33f2701,MPX_3859588,Gourmet Gold Régal de Sauces Pâtée pour Chat 12x85g,8.59,8.42,"['Animaux', 'Chat', 'Boites et Barquettes', 'Premium']",GOURMET GOLD,True,False,false,6.0,MONTH,1.02kg,[],https://courses.monoprix.fr/images-v3/0c44253f-c4a3-4340-9d37-d41e42b9d14a/5cb0f1c5-2788-4bcd-9ecb-8a0a12bea0c2/300x300.jpg
Animaux,7befd511-eacf-4e35-be47-4d8f2965cb48,MPX_5395121,"Ultima Croquettes Chien Mini Adulte Poulet 1,5 kg",6.79,4.53,"['Animaux', 'Chien', 'Croquettes', 'Petits Chiens (moins de 10 kilos)']",ULTIMA,True,False,false,6.0,MONTH,1.5kg,[],https://courses.monoprix.fr/images-v3/0c44253f-c4a3-4340-9d37-d41e42b9d14a/52a857ab-f9a6-43fe-94e1-314ea1494c79/300x300.jpg
Animaux,a4d0816e-118f-47c5-b58e-8bb3a2f9474e,MPX_4112273,Edgard & Cooper Pâté pour Chiots au Canard Poulet 100g,1.39,13.9,"['Animaux', 'Chien', 'Croquettes', 'Chiots']",Edgard Cooper,True,False,false,1.0,DAY,100g,[],https://courses.monoprix.fr/images-v3/0c44253f-c4a3-4340-9d37-d41e42b9d14a/12dfc134-6b5c-4f6d-8f60-ba7447348e93/300x300.jpg
Animaux,d8d4ecf7-64a3-499d-a16e-6fa2df6026a8,MPX_953724,"Fido Picnic Friandises pour Chien au Bœuf, Poulet et Agneau x15 126g",2.49,19.76,"['Animaux', 'Chien', 'Friandises et Biscuits']",Purina,True,False,false,2.0,MONTH,126g,[],https://courses.monoprix.fr/images-v3/0c44253f-c4a3-4340-9d37-d41e42b9d14a/c891f6d4-f70d-4c1c-a6ae-7974052a7ec8/300x300.jpg
Animaux,7a00f2c9-cb7a-4e1a-932d-bb07e1b3e9db,MPX_953769,"Purina One Chat Adulte Croquettes Au Saumon Et Aux Céréales 1,5Kg",8.45,5.63,"['Animaux', 'Chat', 'Croquettes', 'Adultes']",PURINA,True,False,false,2.0,MONTH,1.5kg,[],https://courses.monoprix.fr/images-v3/0c44253f-c4a3-4340-9d37-d41e42b9d14a/dd052434-0abc-4e93-9b80-8f2a1ad95904/300x300.jpg
Animaux,22ed715c-85b6-4b20-b5b3-871b6f16aadb,MPX_6659439,"Perfect Fit sensitive 1+ croquettes riche en dinde chat adulte sensible stérilisé 1,4kg",8.49,6.06,"['Animaux', 'Chat', 'Croquettes', 'Adultes']",Perfect Fit,True,False,false,6.0,MONTH,1.4kg,[],https://courses.monoprix.fr/images-v3/0c44253f-c4a3-4340-9d37-d41e42b9d14a/d9e69150-2ea8-4e85-b087-dfea60466177/300x300.jpg
Animaux,39efb67c-9613-4632-9c53-cb71a7d7a53c,MPX_1444605,Monoprix Emincés En Sauce À La Viande 4 Recettes Pour Chat 4X100G,2.25,5.63,"['Animaux', 'Chat', 'Boites et Barquettes', 'Standard']",Monoprix,True,False,false,6.0,MONTH,400g,[],https://courses.monoprix.fr/images-v3/0c44253f-c4a3-4340-9d37-d41e42b9d14a/d3c78111-468b-4062-bab3-3331700b1ca4/300x300.jpg
Animaux,758e1889-8566-48f6-b21d-e0c3cb25f260,MPX_959382,Pedigree Dentastix Bâtonnets pour chien moyen 180g,3.09,17.17,"['Animaux', 'Chien', 'Hygiène bucco-dentaire']",Pedigree,True,False,false,2.0,MONTH,180g,[],https://courses.monoprix.fr/images-v3/0c44253f-c4a3-4340-9d37-d41e42b9d14a/4d906a32-df37-44f4-bdc8-41244371a5c0/300x300.jpg
Animaux,eda37d53-56ba-4ae9-a220-798303ca4930,MPX_6612837,Vitakraft pure chicken bonas os calcium 80g,3.09,38.63,"['Animaux', 'Chien', 'Friandises et Biscuits']",Vitakraft,True,False,false,6.0,MONTH,80g,[],https://courses.monoprix.fr/images-v3/0c44253f-c4a3-4340-9d37-d41e42b9d14a/284027f9-d61a-445d-b2ce-f0ec84681b46/300x300.jpg
Animaux,0acbb8fb-0333-4ee5-bab9-d946214a16e4,MPX_1467719,"Purina One Croquettes Chat Adulte Au Poulet Et Céréales 1,5Kg",8.45,5.63,"['Animaux', 'Chat', 'Croquettes', 'Adultes']",One,True,False,false,2.0,MONTH,1.5kg,[],https://courses.monoprix.fr/images-v3/0c44253f-c4a3-4340-9d37-d41e42b9d14a/6d1f5062-770d-46df-a94c-df8f0f1dac2f/300x300.jpg
Animaux,e2ebd072-93d3-439c-b835-5919bde03c29,MPX_3790187,Pedigree Son Os à Macher Friandises pour chien x2 180g,3.09,17.17,"['Animaux', 'Chien', 'Friandises et Biscuits']",Pedigree,True,False,false,6.0,MONTH,180g,[],https://courses.monoprix.fr/images-v3/0c44253f-c4a3-4340-9d37-d41e42b9d14a/98e1c52a-e7d4-4120-88b7-fbbb7b8a6132/300x300.jpg
Animaux,28ec5757-35e2-4181-b0f1-3490a6588726,MPX_3872356,CATISFACTIONS Friandises au canard pour chat et chaton 60g,1.49,24.83,"['Animaux', 'Chat', 'Friandises']",Catisfactions,True,False,false,6.0,MONTH,60g,[],https://courses.monoprix.fr/images-v3/0c44253f-c4a3-4340-9d37-d41e42b9d14a/f6569dbe-9441-450a-9ff2-727a9b048ad4/300x300.jpg
Animaux,5b95fd50-5082-4b05-be2f-2687c9d65662,MPX_3403647,Nestor Bio Patée Saumon Pour Chat Bio 100G,1.65,16.5,"['Animaux', 'Chat', 'Boites et Barquettes', 'Bio']",NESTORBIO,True,False,false,6.0,MONTH,100g,[],https://courses.monoprix.fr/images-v3/0c44253f-c4a3-4340-9d37-d41e42b9d14a/ffaa70ba-a4cd-490f-ba79-3beaaf53f53a/300x300.jpg
Animaux,b409e087-8ade-479d-bef4-e247017002d5,MPX_1626738,Vitakraft Sac Hygiénique 15 x 15cl,5.95,5.95,"['Animaux', 'Chat', 'Litière']",Vitakraft,True,False,false,,,,[],https://courses.monoprix.fr/images-v3/0c44253f-c4a3-4340-9d37-d41e42b9d14a/850444a6-0b2b-478f-b023-62ffb3209a52/300x300.jpg
Animaux,f7fcc1f8-9d73-4caa-9e90-9f5322f2ac02,MPX_566478,Whiskas Terrines 4 Variétés Pour Chat 4 x 400G,6.29,3.93,"['Animaux', 'Chat', 'Boites et Barquettes', 'Standard']",Whiskas,True,False,false,6.0,MONTH,1.6kg,[],https://courses.monoprix.fr/images-v3/0c44253f-c4a3-4340-9d37-d41e42b9d14a/5a6e2caf-838b-4880-b96c-b550335af042/300x300.jpg
Animaux,2bd14016-fa75-4692-ae04-c928bfff3c91,MPX_4231337,Purina Felix Tendres Effilés En Gelée Délicieux Duos Viandes 24X85G,12.9,6.32,"['Animaux', 'Chat', 'Sachets', 'Standard']",FELIX,True,False,false,6.0,MONTH,24 x 85g,[],https://courses.monoprix.fr/images-v3/0c44253f-c4a3-4340-9d37-d41e42b9d14a/668db777-0814-40db-bf08-477820ed94b7/300x300.jpg
Animaux,400bac60-8f21-4c13-a65f-614d187d8293,MPX_4231338,Purina Felix Emincés En Gelée Aux Viandes Et Poissons 12X85G,6.09,5.97,"['Animaux', 'Chat', 'Sachets', 'Standard']",Felix,True,False,false,6.0,MONTH,12 x 85g,[],https://courses.monoprix.fr/images-v3/0c44253f-c4a3-4340-9d37-d41e42b9d14a/9e0546f9-f68f-4d34-a258-31c28765601b/300x300.jpg
Animaux,b2a96853-de4e-4bca-872d-752e0f122baa,MPX_3821676,Edgard&Cooper Croquettes Adultes Edgard & Cooper Naturelles Sans Céréales Agneau Frais - 1Kg 1Kg,11.9,11.9,"['Animaux', 'Chien', 'Croquettes', 'Moyens et Grands Chiens (plus de 10 kilos)']",Edgard Cooper,True,False,false,2.0,MONTH,1kg,[],https://courses.monoprix.fr/images-v3/0c44253f-c4a3-4340-9d37-d41e42b9d14a/8577a03d-0a12-43ac-86fb-320104cef190/300x300.jpg
Animaux,d40f9b8b-1038-4983-a12d-25ea35bcbe91,MPX_3173657,"Purina One Croquettes Chat Junior Au Poulet Et Céréales 1,5Kg",9.95,6.63,"['Animaux', 'Chat', 'Croquettes', 'Chatons']",PURINA,True,False,false,1.0,MONTH,1.5kg,[],https://courses.monoprix.fr/images-v3/0c44253f-c4a3-4340-9d37-d41e42b9d14a/807f72dd-3377-4c7a-94ba-fa987aa54bd9/300x300.jpg
Animaux,ae8bf17b-8cc1-43d8-a2c5-8c8de9a7f3bf,MPX_6730096,Friskies Croquettes au Poulet et aux Légumes - 1.5 KG - Chat d'Intérieur,5.99,3.99,"['Animaux', 'Chat', 'Croquettes', 'Adultes']",PURINA,True,False,false,6.0,MONTH,1.5kg,[],https://courses.monoprix.fr/images-v3/0c44253f-c4a3-4340-9d37-d41e42b9d14a/843c7d4d-56ee-4c3d-9398-7d57fa556398/300x300.jpg
Animaux,1003e1c2-a6fd-4440-9d34-d1f9eed389dd,MPX_6307805,Whiskas sachets fraîcheur la carte mixte en gelée pour chat adulte 48x 85g,19.9,4.88,"['Animaux', 'Chat', 'Sachets', 'Standard']",Whiskas,True,False,false,2.0,MONTH,48 x 85g,[],https://courses.monoprix.fr/images-v3/0c44253f-c4a3-4340-9d37-d41e42b9d14a/18906359-835d-4700-8a8f-bff176719f7c/300x300.jpg
Animaux,102c7e73-b5e5-428a-b2da-c4c1980e9c9b,MPX_6730098,"Purina Friskies Croquettes au Bœuf, Poulet  & Légumes  3kg - Chat Adulte Stérilisé",10.9,3.63,"['Animaux', 'Chat', 'Croquettes', 'Stérilisés']",FRISKIES,True,False,false,6.0,MONTH,3kg,[],https://courses.monoprix.fr/images-v3/0c44253f-c4a3-4340-9d37-d41e42b9d14a/100684b4-6ca5-4164-b426-12dc0a684c98/300x300.jpg
Animaux,4b2ba4d4-0244-449d-9232-a16f2932ddf5,MPX_4196144,Nestor Bio Pâtée Pour Chat Fricassée Truite Et Dinde 100G,1.59,15.9,"['Animaux', 'Chat', 'Boites et Barquettes', 'Bio']",NESTORBIO,True,False,false,6.0,MONTH,100g,[],https://courses.monoprix.fr/images-v3/0c44253f-c4a3-4340-9d37-d41e42b9d14a/e846c00c-ea30-413a-a2d0-0a2b957d7386/300x300.jpg
Animaux,fd867d41-b6d7-4f1a-8a57-00cb0d8a94d0,MPX_4231323,Felix Emincés en gelée à la volaille et légumes 12x85g,4.49,4.4,"['Animaux', 'Chat', 'Sachets', 'Standard']",FELIX,True,False,false,6.0,MONTH,12 x 85g,[],https://courses.monoprix.fr/images-v3/0c44253f-c4a3-4340-9d37-d41e42b9d14a/137a4351-81eb-4bc9-be68-ced30ab78178/300x300.jpg
Animaux,0feb84fd-58ad-4e7d-b5ea-200eeb889dfa,MPX_6736731,Edgar Cooper Bonbons Canard & Poulet Chiot 50g,3.59,71.8,"['Animaux', 'Chien', 'Friandises et Biscuits']",Edgard Cooper,True,False,false,,,50g,[],https://courses.monoprix.fr/images-v3/0c44253f-c4a3-4340-9d37-d41e42b9d14a/ad1e6a9c-e2b8-4f84-ad05-2c7426d9e411/300x300.jpg
Animaux,0217f568-0acc-4b15-8caf-25038047a07a,MPX_3173656,Purina One Croquettes Chat Stérilisé Au Saumon Et Blé 3Kg,17.5,5.83,"['Animaux', 'Chat', 'Croquettes', 'Stérilisés']",PURINA,True,False,false,1.0,MONTH,3kg,[],https://courses.monoprix.fr/images-v3/0c44253f-c4a3-4340-9d37-d41e42b9d14a/429a12a1-9ed0-49e7-8eb6-0118125d5d10/300x300.jpg
Animaux,2c937d0d-9ec8-4b21-b6f4-1b8eb19dca1a,MPX_1802124,"Purina One Light Croquettes pour Chat au Poulet et au Blé 1,5kg",8.99,5.99,"['Animaux', 'Chat', 'Croquettes', 'Adultes']",PURINA,True,False,false,6.0,MONTH,1.5kg,[],https://courses.monoprix.fr/images-v3/0c44253f-c4a3-4340-9d37-d41e42b9d14a/7559e9fb-0f26-4da8-bf90-089426d8d9a8/300x300.jpg
Animaux,57821553-1a43-449b-b0e1-e2e6c5294f8e,MPX_3860318,Pedigree Sa Récompense au bœuf et fromage pour chien 140g,2.09,14.93,"['Animaux', 'Chien', 'Friandises et Biscuits']",Pedigree,True,False,false,6.0,MONTH,140g,[],https://courses.monoprix.fr/images-v3/0c44253f-c4a3-4340-9d37-d41e42b9d14a/58004373-63cb-4002-bb1d-dc23d2e82872/300x300.jpg
Animaux,924af74d-f329-4e14-a9cf-bc98d80a08a8,MPX_1802175,Purina One Croquettes Chat Junior au poulet et céréales 450g,3.59,7.98,"['Animaux', 'Chat', 'Croquettes', 'Chatons']",Purina one,True,False,false,6.0,MONTH,450g,[],https://courses.monoprix.fr/images-v3/0c44253f-c4a3-4340-9d37-d41e42b9d14a/d43735cb-4b90-4b5c-aa2d-dfe6eaf67bec/300x300.jpg
Animaux,87194817-e47f-47f6-9c5d-688b883f1c16,MPX_2888777,Dentalife Bâtonnets pour Chien Mini 7-12kg Maxi Pack x21 345g,5.45,15.8,"['Animaux', 'Chien', 'Hygiène bucco-dentaire']",PURINA,True,False,false,2.0,MONTH,345g,[],https://courses.monoprix.fr/images-v3/0c44253f-c4a3-4340-9d37-d41e42b9d14a/1de0e206-2432-44b7-ad8a-75f8c7b2e92a/300x300.jpg
Animaux,e435dfdd-6408-4af3-95b2-dc3d4dd42823,MPX_3173655,Purina One Croquettes Chat Adulté Au Poulet Et Céréales 3Kg,15.5,5.17,"['Animaux', 'Chat', 'Croquettes', 'Adultes']",PURINA,True,False,false,1.0,MONTH,3kg,[],https://courses.monoprix.fr/images-v3/0c44253f-c4a3-4340-9d37-d41e42b9d14a/cadcd076-23ab-4371-8fa7-4af7bcc7ea0b/300x300.jpg
Animaux,2427a79a-09ba-4bf4-b950-4257bf490606,MPX_344490,Monoprix Terrine au poulet & aux légumes pour chien 150g,1.25,8.33,"['Animaux', 'Chien', 'Repas', 'Boites et barquettes']",Monoprix,True,False,false,2.0,MONTH,150g,[],https://courses.monoprix.fr/images-v3/0c44253f-c4a3-4340-9d37-d41e42b9d14a/f23963cf-cb12-42c3-84d7-3e5637f5ab82/300x300.jpg
Animaux,705f6078-198c-4f1a-af8b-ad818c4ca0a1,MPX_2726274,"Ultima Croquettes Pour Chats Stérilisés  Sensibles 1,5 kg",7.39,4.93,"['Animaux', 'Chat', 'Croquettes', 'Besoins spécifiques']",Ultima,True,False,false,2.0,MONTH,1.5kg,[],https://courses.monoprix.fr/images-v3/0c44253f-c4a3-4340-9d37-d41e42b9d14a/f03231ba-ecfc-48a3-9f8f-c6c8bdcc6e18/300x300.jpg
Animaux,32df83ad-8d1c-410b-999e-4f75bfece361,MPX_5395122,Ultima Croquettes Chien Mini Senior Agevital +8Ans 1.35Kg,7.29,5.4,"['Animaux', 'Chien', 'Croquettes', 'Seniors']",Ultima,True,False,false,6.0,MONTH,1.35kg,[],https://courses.monoprix.fr/images-v3/0c44253f-c4a3-4340-9d37-d41e42b9d14a/43bccf2c-4e1b-40b3-b04b-a6d286dc4706/300x300.jpg
Animaux,39fdec65-117a-4191-b2a3-1c2bf38857a8,MPX_2064681,Purina One Croquettes Chat Stérilisé Au Boeuf 3Kg,18.5,6.17,"['Animaux', 'Chat', 'Croquettes', 'Stérilisés']",PURINA,True,False,false,6.0,MONTH,3kg,[],https://courses.monoprix.fr/images-v3/0c44253f-c4a3-4340-9d37-d41e42b9d14a/62948083-e9bb-4343-82d2-1467cefc29de/300x300.jpg
Animaux,f79512e3-5891-4e23-8f18-ee84eb37b097,MPX_6338764,Whiskas Sachets Fraîcheur Festins À La Volaille En Gelée Pour Chat Adulte 12X85G,5.89,5.77,"['Animaux', 'Chat', 'Sachets', 'Standard']",Whiskas,True,False,false,1.0,DAY,1.02kg,[],https://courses.monoprix.fr/images-v3/0c44253f-c4a3-4340-9d37-d41e42b9d14a/d8e74010-49c1-4ab8-8d9e-724d86103f4b/300x300.jpg
Animaux,cd61ccd7-5c9e-4963-a246-de8b2b66c445,MPX_1253656,Ultima Chien Spécial Yorkshire Terrier 800G,4.69,5.86,"['Animaux', 'Chien', 'Croquettes', 'Petits Chiens (moins de 10 kilos)']",Ultima,True,False,false,6.0,MONTH,800g,[],https://courses.monoprix.fr/images-v3/0c44253f-c4a3-4340-9d37-d41e42b9d14a/9f3481c4-9827-407a-bd6c-af3b9209c87f/300x300.jpg
Animaux,b75fdc08-a363-4d0c-8e02-1a65cb15678b,MPX_6730097,Friskies Croquettes au Saumon et aux Légumes - 1.5 KG - Chat Adulte,5.99,3.99,"['Animaux', 'Chat', 'Croquettes', 'Adultes']",PURINA,True,False,false,6.0,MONTH,1.5kg,[],https://courses.monoprix.fr/images-v3/0c44253f-c4a3-4340-9d37-d41e42b9d14a/3a4da4df-1ed0-456d-9603-ef67194a69b8/300x300.jpg
Animaux,12b2a7a7-5987-4282-acf3-6960ea5d8157,MPX_2823889,Fido Fun Tastix Bâtonnets pour Chien au Bacon et Fromage 150g,2.65,17.67,"['Animaux', 'Chien', 'Friandises et Biscuits']",Fido,True,False,false,2.0,MONTH,150g,[],https://courses.monoprix.fr/images-v3/0c44253f-c4a3-4340-9d37-d41e42b9d14a/1b52e386-9283-45a4-95fd-a040e7890d3f/300x300.jpg
Animaux,58e94db8-3583-464a-8fa9-6f92e31a24c4,MPX_6608956,Vitakraft Vida Garden Mélange de Graines pour Oiseaux de Jardin 1kg,3.39,3.39,"['Animaux', 'Oiseau', 'Alimentation']",Vitakraft,True,False,false,6.0,MONTH,1kg,[],https://courses.monoprix.fr/images-v3/0c44253f-c4a3-4340-9d37-d41e42b9d14a/83db85f6-1d48-4a72-a0c3-43b11653e3b3/300x300.jpg
Animaux,17cb6e12-88e0-4e95-81d7-e261c302d064,MPX_3821713,"Vitakraft Meat Me! Mini Poulet, 60G",3.29,54.83,"['Animaux', 'Chien', 'Friandises et Biscuits']",Vitakraft,True,False,false,6.0,MONTH,60g,[],https://courses.monoprix.fr/images-v3/0c44253f-c4a3-4340-9d37-d41e42b9d14a/36dbc951-7cd5-452d-9af3-0e48609d2356/300x300.jpg
Animaux,025cb2f3-7e1c-4b69-9f3a-8ae475f8119a,MPX_1038812,Cesar Barquettes en terrine 4 variétés pour chien 4x300g,8.99,7.49,"['Animaux', 'Chien', 'Repas', 'Boites et barquettes']",CESAR,True,False,false,6.0,MONTH,1.2kg,[],https://courses.monoprix.fr/images-v3/0c44253f-c4a3-4340-9d37-d41e42b9d14a/b21335de-f52a-437c-9eef-81ed9868f3b5/300x300.jpg
Animaux,8aae9367-9060-48d9-9ba2-4eaee0834d28,MPX_733334,Vitakraft Herbe à Chat 120g,4.65,38.75,"['Animaux', 'Chat', 'Entretien du poil, Hygiène et Accessoires pour chat', 'Entretien du poil et Hygiène']",Vitakraft,True,False,false,,,120g,[],https://courses.monoprix.fr/images-v3/0c44253f-c4a3-4340-9d37-d41e42b9d14a/57401d3d-db4b-4d28-952e-358f96e10e91/300x300.jpg
Animaux,40176c11-09f0-4fe8-b51c-2bfcfe6d04c2,MPX_6730093,"Purina Croquettes Pour Chat Adulte Stérilisé Au Bœuf 1,5 kg",5.29,3.53,"['Animaux', 'Chien', 'Croquettes', 'Moyens et Grands Chiens (plus de 10 kilos)']",Purina,True,False,false,6.0,MONTH,1.5kg,[],https://courses.monoprix.fr/images-v3/0c44253f-c4a3-4340-9d37-d41e42b9d14a/6a7c87bb-fefc-4f74-9a60-1ea0c82e0940/300x300.jpg
Animaux,9f840bce-637f-46ea-895b-94a3a3c0481f,MPX_1542759,Ultima croquettes au poulet chien medium maxi light 2kg,8.75,4.38,"['Animaux', 'Chien', 'Croquettes', 'Moyens et Grands Chiens (plus de 10 kilos)']",Ultima,True,False,false,2.0,MONTH,2kg,[],https://courses.monoprix.fr/images-v3/0c44253f-c4a3-4340-9d37-d41e42b9d14a/f0166122-097c-437e-8543-99c37db4a0e9/300x300.jpg
Animaux,4d92c59a-e3f2-43e0-b6a2-5d82521a5b86,MPX_3859554,Purina Felix Party Mix Friandises Original 200g,4.69,23.45,"['Animaux', 'Chat', 'Friandises']",PURINA,True,False,false,6.0,MONTH,200g,[],https://courses.monoprix.fr/images-v3/0c44253f-c4a3-4340-9d37-d41e42b9d14a/da4ad42b-dda1-4ca6-b2af-d85865e99278/300x300.jpg
Animaux,1535baee-b3be-4310-b0ac-9def641c2379,MPX_3537368,Vitakraft Cat Yums Poulet & Herbe À Chat 40G,2.15,53.75,"['Animaux', 'Chat', 'Entretien du poil, Hygiène et Accessoires pour chat', 'Entretien du poil et Hygiène']",Vitakraft,True,False,false,6.0,MONTH,40g,[],https://courses.monoprix.fr/images-v3/0c44253f-c4a3-4340-9d37-d41e42b9d14a/064d3490-4be4-4701-9a72-f223d48a6c93/300x300.jpg
Animaux,85f589cc-8e48-4994-a670-696541736437,MPX_6728416,"Ultima Croquettes Chat Stérilisé Pro+ Adulte Poulet - 1,1 kg",6.99,6.35,"['Animaux', 'Chat', 'Croquettes', 'Stérilisés']",Ultima,True,False,false,6.0,MONTH,1.1kg,[],https://courses.monoprix.fr/images-v3/0c44253f-c4a3-4340-9d37-d41e42b9d14a/9ea7fdc7-744e-459a-98c9-5ea6b8ab9a4c/300x300.jpg
Animaux,764135a6-40ba-4201-9f75-6167f06a3276,MPX_6736730,Edgar Cooper Bonbons Poulet Chien Adulte 50g,3.59,71.8,"['Animaux', 'Chien', 'Friandises et Biscuits']",Edgard Cooper,True,False,false,,,50g,[],https://courses.monoprix.fr/images-v3/0c44253f-c4a3-4340-9d37-d41e42b9d14a/654038d9-2b9d-44d8-beef-4c329d33d98f/300x300.jpg
Animaux,5d8bde76-e49a-47f9-bc0d-60dc3de80752,MPX_5395120,"Ultima Croquettes Chien Mini Adulte Bœuf 1,35kg",7.25,5.37,"['Animaux', 'Chien', 'Croquettes', 'Petits Chiens (moins de 10 kilos)']",Ultima,True,False,false,6.0,MONTH,1.35kg,[],https://courses.monoprix.fr/images-v3/0c44253f-c4a3-4340-9d37-d41e42b9d14a/1dec0cb5-a273-4634-93cd-bb57af527080/300x300.jpg
Animaux,b55e621e-f4a2-4902-a113-3381d56e69c6,MPX_3972855,Fido Croquettes Chien Adulte Bœuf Légumes 3 kg,7.95,2.65,"['Animaux', 'Chien', 'Croquettes', 'Moyens et Grands Chiens (plus de 10 kilos)']",FIDO,True,False,false,6.0,MONTH,3kg,[],https://courses.monoprix.fr/images-v3/0c44253f-c4a3-4340-9d37-d41e42b9d14a/02815f74-fdc6-40fb-904a-3302ecce0fb1/300x300.jpg
Animaux,87e48cda-7f52-42a5-b08f-28f53b28451c,MPX_6348981,Edgar & Cooper Multipack Pâté pour Chat Adulte 8x85g,9.29,13.66,"['Animaux', 'Chat', 'Boites et Barquettes', 'Premium']",Edgard & Cooper,True,False,false,2.0,MONTH,8 x 85g,[],https://courses.monoprix.fr/images-v3/0c44253f-c4a3-4340-9d37-d41e42b9d14a/032dfd7e-0bd4-4d8c-970b-7860ea9f16b5/300x300.jpg
Animaux,1039a45e-1e14-4149-a8b5-5885b5e9a7ba,MPX_3525574,Vitakraft 3 Recharges de 20 Sacs À Déjections *15,3.09,0.21,"['Animaux', 'Chien', 'Entretien du poil et Accessoires pour chien', 'Propreté']",Vitakraft,True,False,false,1.0,DAY,15 par pack,[],https://courses.monoprix.fr/images-v3/0c44253f-c4a3-4340-9d37-d41e42b9d14a/79054216-524e-4489-9208-8335c5e6c440/300x300.jpg
Animaux,f97e587b-ba71-4604-ae91-0cc9c17a0984,MPX_1467721,"Purina One Croquettes Chat D'Intérieur À La Dinde Et Céréales 1,5Kg",9.65,6.43,"['Animaux', 'Chat', 'Croquettes', 'Adultes']",Purina one,True,False,false,1.0,MONTH,1.5kg,[],https://courses.monoprix.fr/images-v3/0c44253f-c4a3-4340-9d37-d41e42b9d14a/fd52f213-f800-4301-9152-3a297cf40d19/300x300.jpg
Animaux,75462f2e-436c-4861-8067-f4a3c76c94f0,MPX_6730092,Purina Croquettes Équilibrées Pour Chien Au Poulet 3 kg,8.19,2.73,"['Animaux', 'Chien', 'Croquettes', 'Moyens et Grands Chiens (plus de 10 kilos)']",Purina,True,False,false,6.0,MONTH,3kg,[],https://courses.monoprix.fr/images-v3/0c44253f-c4a3-4340-9d37-d41e42b9d14a/bb75b3d7-db84-4d66-9b45-882356cf96d5/300x300.jpg
Animaux,62713c9a-655f-4249-9930-fb84dab8c492,MPX_2080042,Pedigree Dentastix Bâtonnets pour chien moyen 720g,10.5,14.58,"['Animaux', 'Chien', 'Hygiène bucco-dentaire']",Pedigree,True,False,false,6.0,MONTH,720g,[],https://courses.monoprix.fr/images-v3/0c44253f-c4a3-4340-9d37-d41e42b9d14a/04420f44-abd0-4219-a5a3-4ec7ae52e236/300x300.jpg
Animaux,ed75917c-95cb-4287-952a-b921b790b685,MPX_6614782,"Purina One Bifensis Recette Sans Céréales avec Saumon Chat Adulte - 1,1kg",9.25,8.41,"['Animaux', 'Chat', 'Croquettes', 'Adultes']",Purina,True,False,false,6.0,MONTH,1.1kg,[],https://courses.monoprix.fr/images-v3/0c44253f-c4a3-4340-9d37-d41e42b9d14a/d2d7e645-f191-4b21-be2c-ff7c572abacb/300x300.jpg
Animaux,8a0d28f2-7304-4587-9a59-fd7a280073b9,MPX_2410496,Felix Party Mix Friandises Original 60G,1.59,26.5,"['Animaux', 'Chat', 'Friandises']",PURINA,True,False,false,6.0,MONTH,60g,[],https://courses.monoprix.fr/images-v3/0c44253f-c4a3-4340-9d37-d41e42b9d14a/0f4d6572-c30a-4de6-946f-e1b776bf2d33/300x300.jpg
Animaux,4bd0d9c5-82f1-42f7-b166-b8ee102cb3fb,MPX_4112272,Edgard & Cooper Multipack Chien 6x 100g,7.99,13.32,"['Animaux', 'Chien', 'Repas', 'Boites et barquettes']",Edgard Cooper,True,False,false,1.0,DAY,600g,[],https://courses.monoprix.fr/images-v3/0c44253f-c4a3-4340-9d37-d41e42b9d14a/32a3da59-2221-4c45-a4f9-1010ffe92052/300x300.jpg
Animaux,a3d45c2b-dc01-4b6b-b5a8-78b50c56cdf2,MPX_4231322,Tendres Effilés en Gelée Sélection Mixte Sachets pour Chats Adultes 4x85g,2.15,6.32,"['Animaux', 'Chat', 'Sachets', 'Standard']",Felix,True,False,false,6.0,MONTH,340g,[],https://courses.monoprix.fr/images-v3/0c44253f-c4a3-4340-9d37-d41e42b9d14a/69e8455d-fadf-48e7-adbf-c311ec756060/300x300.jpg
Animaux,322d9830-0edb-4634-a7c4-30fce0825252,MPX_5395128,VitaNaturals Sticks Poulet pour chats 4x 5g,1.99,99.5,"['Animaux', 'Chat', 'Friandises']",Vitakraft,True,False,false,6.0,MONTH,20g,[],https://courses.monoprix.fr/images-v3/0c44253f-c4a3-4340-9d37-d41e42b9d14a/96bf8356-9f37-438b-aefa-01bef9d1760b/300x300.jpg
Animaux,04a165c9-ded6-48f6-b5fa-8d106fb47bc8,MPX_6608958,Vitakraft Boules Graisse Filet Biodégradable 425g,3.39,7.98,"['Animaux', 'Oiseau', 'Alimentation']",Vitakraft,True,False,false,6.0,MONTH,425g,[],https://courses.monoprix.fr/images-v3/0c44253f-c4a3-4340-9d37-d41e42b9d14a/fbe6cded-a243-4c3f-9da0-138c23c80612/300x300.jpg
Animaux,18223b87-328f-435b-9252-423444e94e60,MPX_2483551,"Ultima Croquettes Pour Chats Stérilisés D'Intérieur 1,5 kg",9.99,6.66,"['Animaux', 'Chat', 'Croquettes', 'Stérilisés']",Ultima,True,False,false,6.0,MONTH,1.5kg,[],https://courses.monoprix.fr/images-v3/0c44253f-c4a3-4340-9d37-d41e42b9d14a/e0f206b0-bd51-4f0c-98e5-20afa62456a4/300x300.jpg
Animaux,a5893a63-3634-4128-b499-445497f57899,MPX_3537416,Vitakraft Crispy Crunch Superfood Dinde Et Graines De Chia 60G,1.75,29.17,"['Animaux', 'Chat', 'Entretien du poil, Hygiène et Accessoires pour chat', 'Entretien du poil et Hygiène']",Vitakraft,True,False,false,6.0,MONTH,60g,[],https://courses.monoprix.fr/images-v3/0c44253f-c4a3-4340-9d37-d41e42b9d14a/6626fb3a-c2c7-4ad9-b544-c34eebacd9fc/300x300.jpg
Animaux,b19f7f63-905c-444e-a8d7-5ddc5c0bac80,MPX_3859540,Fido Bacon Twist Friandises au Bacon pour Chien 120g,2.49,20.75,"['Animaux', 'Chien', 'Friandises et Biscuits']",FIDO,True,False,false,2.0,MONTH,120g,[],https://courses.monoprix.fr/images-v3/0c44253f-c4a3-4340-9d37-d41e42b9d14a/34cba699-89dd-4b3d-b30d-59302f4b997a/300x300.jpg
Animaux,32eafd54-f5f9-46ea-b862-26ab7367a3a7,MPX_3859533,Dentalife Bâtonnets pour Chien Medium 12-25kg Maxi Pack x15 345g,5.65,16.38,"['Animaux', 'Chien', 'Hygiène bucco-dentaire']",PURINA,True,False,false,6.0,MONTH,345g,[],https://courses.monoprix.fr/images-v3/0c44253f-c4a3-4340-9d37-d41e42b9d14a/e8c08939-c36f-4082-a0a7-4bd1652a9543/300x300.jpg
Animaux,1ed22d05-99d3-4be3-a727-0bca52297e6c,MPX_3167021,"Ultima Croquettes Light Au Poulet Pour Chat Stérilisé 1,5Kg",9.29,6.19,"['Animaux', 'Chat', 'Croquettes', 'Besoins spécifiques']",Ultima,True,False,false,2.0,MONTH,1.5kg,[],https://courses.monoprix.fr/images-v3/0c44253f-c4a3-4340-9d37-d41e42b9d14a/2b964aae-f101-495c-b646-e4871c77cc5e/300x300.jpg
Animaux,b3b90b8b-c2e5-4602-841b-60c29e9d7363,MPX_2426926,Vitakraft Batonnet À Mâcher2 En 1Petits Chiens 120G,2.35,19.58,"['Animaux', 'Chien', 'Hygiène bucco-dentaire']",Vitakraft,True,False,false,6.0,MONTH,120g,[],https://courses.monoprix.fr/images-v3/0c44253f-c4a3-4340-9d37-d41e42b9d14a/1ed4fff8-57e8-487c-84ce-b5431f3b4cf8/300x300.jpg
Animaux,70895a64-d9ed-4a62-a610-abcfe72d9e13,MPX_6659437,Pedigree Croquettes Boeuf Chien Adulte 2kg,12.9,4.3,"['Animaux', 'Chien', 'Croquettes', 'Moyens et Grands Chiens (plus de 10 kilos)']",Pedigree,True,False,false,6.0,MONTH,3kg,[],https://courses.monoprix.fr/images-v3/0c44253f-c4a3-4340-9d37-d41e42b9d14a/53ec5363-786c-442e-a811-4331787c23b7/300x300.jpg
Animaux,6da39ead-a255-42fd-92a9-80b983be6daa,MPX_6728418,Ultima Sticks Dentaires pour Petit Chien 1 semaine - 90 g,1.99,22.11,"['Animaux', 'Chien', 'Hygiène bucco-dentaire']",Ultima,True,False,false,6.0,MONTH,90g,[],https://courses.monoprix.fr/images-v3/0c44253f-c4a3-4340-9d37-d41e42b9d14a/51093ebf-8c43-4d8d-92a7-7c95a8028123/300x300.jpg
Animaux,34bc1b6b-7aff-4027-94e6-f5457ce3f58b,MPX_2410495,Felix Party Mix Friandises Saveur de l'océan 60g,1.65,27.5,"['Animaux', 'Chat', 'Friandises']",PURINA,True,False,false,1.0,MONTH,60g,[],https://courses.monoprix.fr/images-v3/0c44253f-c4a3-4340-9d37-d41e42b9d14a/a7c74704-ecd0-4846-8945-1bd7b554a8f3/300x300.jpg
Animaux,e58db50f-9d14-47c7-a53e-a07adac2f39f,MPX_3872336,Pedigree Markies Biscuits Fourrés Pour Chien 500G,2.09,4.18,"['Animaux', 'Chien', 'Friandises et Biscuits']",Pedigree,True,False,false,6.0,MONTH,500g,[],https://courses.monoprix.fr/images-v3/0c44253f-c4a3-4340-9d37-d41e42b9d14a/ce31664b-9c39-40f9-848a-f6dee265f713/300x300.jpg
Animaux,8ebde35d-0b9c-4c52-84ec-459e6de250e8,MPX_5395127,VitaNaturals Creamy Saumon 5x 15g,3.89,51.87,"['Animaux', 'Chat', 'Friandises']",Vitakraft,True,False,false,6.0,MONTH,75g,[],https://courses.monoprix.fr/images-v3/0c44253f-c4a3-4340-9d37-d41e42b9d14a/e7b95949-df20-4ae4-ac23-93572c192cd3/300x300.jpg
Animaux,18ca0e44-ad47-469e-b736-56ebd26c9143,MPX_1362509,Vitakraft La Pelle Pour La Litière Du Chat,1.89,1.89,"['Animaux', 'Chat', 'Litière']",Vitakraft,True,False,false,1.0,YEAR,,[],https://courses.monoprix.fr/images-v3/0c44253f-c4a3-4340-9d37-d41e42b9d14a/fe617822-949e-4aac-9396-f9d16608d4aa/300x300.jpg
Animaux,08a0180a-d053-4199-8667-975fa0a76658,MPX_3173653,"Purina Croquettes Pour Chat Adulte Au Bœuf 1,5 kg",6.89,4.59,"['Animaux', 'Chat', 'Croquettes', 'Adultes']",Purina,True,False,false,1.0,MONTH,1.5kg,[],https://courses.monoprix.fr/images-v3/0c44253f-c4a3-4340-9d37-d41e42b9d14a/b730c002-1567-414d-b37e-aeec07786bb0/300x300.jpg
Animaux,08d6f68f-cc07-4d7d-84b0-fac0bec72c4e,MPX_3859548,Felix Tendres Effilés Sélection de la Campagne 12x85g,5.79,5.68,"['Animaux', 'Chat', 'Sachets']",FELIX,True,False,false,6.0,MONTH,1.02kg,[],https://courses.monoprix.fr/images-v3/0c44253f-c4a3-4340-9d37-d41e42b9d14a/d8d9676d-e59b-4166-bd40-b642c1de21e2/300x300.jpg
Animaux,83222fec-47ad-4755-8a66-a10966b8ed1c,MPX_2336458,Vitakraft Menu Pour Lapins Nains 800G,4.45,5.56,"['Animaux', 'Lapin, Hamster et Autres Rongeurs', 'Alimentation']",Vitakraft,True,False,false,6.0,MONTH,800g,[],https://courses.monoprix.fr/images-v3/0c44253f-c4a3-4340-9d37-d41e42b9d14a/7f44ba67-ee80-4179-91a7-14d65dfc6767/300x300.jpg
Animaux,77904ccf-1e02-4dc5-ba99-f17aec1ceffb,MPX_4231333,Felix Sensations Gelée Chat aux poissons 12x85g,5.79,5.68,"['Animaux', 'Chat', 'Sachets', 'Standard']",PURINA,True,False,false,6.0,MONTH,12 x 85g,[],https://courses.monoprix.fr/images-v3/0c44253f-c4a3-4340-9d37-d41e42b9d14a/43c77be3-2c00-4c60-bba1-4d68d3ecf049/300x300.jpg
Animaux,d4280959-88e9-4b50-b41e-504f7f9f035d,MPX_6730095,Friskies Croquettes au Saumon et aux Légumes - 1.5 KG - Chat Adulte Stérilisés,5.99,3.99,"['Animaux', 'Chat', 'Croquettes', 'Stérilisés']",FRISKIES,True,False,false,6.0,MONTH,1.5kg,[],https://courses.monoprix.fr/images-v3/0c44253f-c4a3-4340-9d37-d41e42b9d14a/0c603398-6f95-43b0-b1d4-402f2a1589cb/300x300.jpg
Animaux,d0591cd7-52e6-4ac5-8313-afecf907e88b,MPX_3821689,Purina Felix Succulent Grill Sélection campagne 12 x 80g,6.99,7.28,"['Animaux', 'Chat', 'Sachets', 'Standard']",FELIX,True,False,false,6.0,MONTH,12 x 80g,[],https://courses.monoprix.fr/images-v3/0c44253f-c4a3-4340-9d37-d41e42b9d14a/9ff00236-e76e-46a2-ae46-253a8deeea09/300x300.jpg
Animaux,861f6dfd-89b8-4ae8-be93-66e59cfe5ea8,MPX_733307,Vitakraft Foin De Nos Campagnes 30L,3.99,7.98,"['Animaux', 'Lapin, Hamster et Autres Rongeurs', 'Alimentation']",Vitakraft,True,False,false,1.0,YEAR,0.5kg,[],https://courses.monoprix.fr/images-v3/0c44253f-c4a3-4340-9d37-d41e42b9d14a/1302e474-1111-41ea-beed-7e012d4dc8a0/300x300.jpg
Animaux,8808808a-078a-4c05-a8ab-20062d78a094,MPX_2613287,Vitakraft Crispy Crunch Malt 60G,1.85,30.83,"['Animaux', 'Chat', 'Friandises']",Vitakraft,True,False,false,2.0,MONTH,60g,[],https://courses.monoprix.fr/images-v3/0c44253f-c4a3-4340-9d37-d41e42b9d14a/aacba859-027f-4fc8-84bf-4345519b7ff2/300x300.jpg
Animaux,e0f7dfac-9665-4b06-8105-6cf44267ad35,MPX_1542757,Ultima Croquettes au poulet pour chien medium maxi adulte 2kg,8.95,4.48,"['Animaux', 'Chien', 'Croquettes', 'Moyens et Grands Chiens (plus de 10 kilos)']",Ultima,True,False,false,2.0,MONTH,2kg,[],https://courses.monoprix.fr/images-v3/0c44253f-c4a3-4340-9d37-d41e42b9d14a/e4f75075-3176-4143-a614-7a1307d7e6eb/300x300.jpg
Animaux,66aa9cc9-f7e4-4c4f-8f16-95e9287f7224,MPX_3860314,Pedigree Rodeo Duos Friandises au bœuf et fromage pour chien 123g,2.49,20.24,"['Animaux', 'Chien', 'Friandises et Biscuits']",Pedigree,True,False,false,6.0,MONTH,123g,[],https://courses.monoprix.fr/images-v3/0c44253f-c4a3-4340-9d37-d41e42b9d14a/954b18bb-170a-426a-901b-18a639ac8d6b/300x300.jpg
Animaux,5d45a47f-2a0d-4176-a467-a04033acf8d4,MPX_3513963,"Ultima Croquettes Au Boeuf Pour Chats Stérilisés, Adult 1,5Kg",8.99,5.99,"['Animaux', 'Chat', 'Croquettes', 'Stérilisés']",Ultima,True,False,false,6.0,MONTH,1.5kg,[],https://courses.monoprix.fr/images-v3/0c44253f-c4a3-4340-9d37-d41e42b9d14a/6aa6c617-71ea-43d7-80cf-65f96a39ea37/300x300.jpg
Animaux,b5fca5d1-6fd2-4689-aae6-6b02c1a4f433,MPX_1351771,"Vitakraft Beef-Stick Salami, Aliment Complémentaire Pour Chien 12G",1.15,95.83,"['Animaux', 'Chien', 'Friandises et Biscuits']",Vitakraft,True,False,false,1.0,YEAR,12g,[],https://courses.monoprix.fr/images-v3/0c44253f-c4a3-4340-9d37-d41e42b9d14a/362052a5-4d0d-47a7-b727-1adb35aa6a4c/300x300.jpg
Animaux,35d7cd1f-f065-4037-b376-89cc2d0f3812,MPX_5929603,Vitakraft Litière de Chanvre Prestige pour Rongeurs 1kg,4.39,4.39,"['Animaux', 'Lapin, Hamster et Autres Rongeurs', 'Habitat']",Vitakraft,True,False,false,,,1kg,[],https://courses.monoprix.fr/images-v3/0c44253f-c4a3-4340-9d37-d41e42b9d14a/53d980e4-23df-4419-b309-b237bf15c8f1/300x300.jpg
Animaux,bd4c9822-621f-4f32-b10a-bd848dd9ca51,MPX_733943,"Vitakraft Assortiment Légumes, Arachides, Fruits Desbois, Aliment Pour Lapins Nains 168G",2.99,17.8,"['Animaux', 'Lapin, Hamster et Autres Rongeurs', 'Alimentation']",Vitakraft,True,False,false,6.0,MONTH,168g,[],https://courses.monoprix.fr/images-v3/0c44253f-c4a3-4340-9d37-d41e42b9d14a/aebf739c-d3cd-480e-a5a4-336afc4f4375/300x300.jpg
Animaux,d78cf586-01a2-4204-a7b7-f434703c8f35,MPX_3859541,Fido Dental Delicious Friandises pour Chien Mini 130g,2.15,16.54,"['Animaux', 'Chien', 'Friandises et Biscuits']",PURINA,True,False,false,2.0,MONTH,130g,[],https://courses.monoprix.fr/images-v3/0c44253f-c4a3-4340-9d37-d41e42b9d14a/dfe09fc7-ae5d-430d-8d79-109bae0c3dae/300x300.jpg
Animaux,0358d8b4-abcc-49ee-bfbd-9c184441052a,MPX_3208652,Ultima Nature Croquettes Au Poulet Pour Chat Adulte 1.25Kg,9.29,7.43,"['Animaux', 'Chat', 'Croquettes', 'Adultes']",ULTIMA NATURE,True,False,false,2.0,MONTH,1.25kg,[],https://courses.monoprix.fr/images-v3/0c44253f-c4a3-4340-9d37-d41e42b9d14a/9e690d9d-e81c-47c1-aff6-69d24d8a0cd2/300x300.jpg
Animaux,677b6f14-b294-444c-b14d-8062b46ab97d,MPX_3168422,César Barquettes Mini Filets En Sauce 4 Variétés 4 x 150G,4.49,7.48,"['Animaux', 'Chien', 'Repas', 'Boites et barquettes']",CESAR,True,False,false,6.0,MONTH,600g,[],https://courses.monoprix.fr/images-v3/0c44253f-c4a3-4340-9d37-d41e42b9d14a/57ac8b91-9c48-481c-9189-88a3edac46d1/300x300.jpg
Animaux,ac789779-7cbc-45a7-8c77-c184b0fe80c3,MPX_4077483,Felix Naturally Delicious Poulet 180g,3.59,19.94,"['Animaux', 'Chat', 'Friandises']",Felix,True,False,false,2.0,MONTH,180g,[],https://courses.monoprix.fr/images-v3/0c44253f-c4a3-4340-9d37-d41e42b9d14a/24edd445-0702-4b68-bb1a-c490256191df/300x300.jpg
Animaux,b553e693-6a6a-4486-ba9e-fd9b6768349c,MPX_6730094,Friskies Croquettes au Lait et Légumes - 1.5 KG - Chaton,5.99,3.99,"['Animaux', 'Chat', 'Croquettes', 'Chatons']",PURINA,True,False,false,6.0,MONTH,1.5kg,[],https://courses.monoprix.fr/images-v3/0c44253f-c4a3-4340-9d37-d41e42b9d14a/1725d92c-662e-40bd-ad71-39640c208395/300x300.jpg
Bio,e6a8d869-9d4a-4c6a-af7e-de149cc60924,MPX_4043242,Labeyrie Saumon Atlantique Fumé Bio 110g,9.49,86.27,"['Produits de la Mer', 'Traiteur de la Mer', 'Saumons et truites fumées']",Labeyrie,True,False,false,1.0,WEEK,110g,['Produit bio'],https://courses.monoprix.fr/images-v3/0c44253f-c4a3-4340-9d37-d41e42b9d14a/d45feaef-5647-47c5-b4fd-22fcbc478f19/300x300.jpg
Bio,980a2a67-036c-4e9d-811d-ef9cf34076e8,MPX_3046976,Atelier Blini Houmous Bio 160G,4.49,28.06,"['Epicerie Salée', 'Produit apéritif', 'Tartinable et Produit de la Mer', 'Houmous et Tarama']",Atelier Blini,True,False,false,6.0,DAY,160g,['Produit bio'],https://courses.monoprix.fr/images-v3/0c44253f-c4a3-4340-9d37-d41e42b9d14a/a06fb829-04b3-4258-8e98-14f84b53738e/300x300.jpg
Bio,d39766cd-a38e-4eaf-a67b-1ec6a67dfda8,MPX_2007468,Ferme d'Anchin soupe 5 légumes Bio 300ml,3.09,10.3,"['Bio', 'Fruit et Légume bio', 'Légume frais bio']",Les recettes ferme d'anchin,True,False,false,1.0,WEEK,300ml,['Produit bio'],https://courses.monoprix.fr/images-v3/0c44253f-c4a3-4340-9d37-d41e42b9d14a/f690be0c-770e-477b-86d8-8d5551a4cc38/300x300.jpg
Bio,37b7a4fb-d8f0-4df0-a8fb-33298d7a133e,MPX_2822953,Rainett Liquide Vaisselle Peaux Sensibles Aloe Vera 500 Ml,2.09,4.18,"['Entretien & Nettoyage', 'Entretien écologique', 'Nettoyant vaisselle écologique']",Rainett,True,False,false,,,500ml,[],https://courses.monoprix.fr/images-v3/0c44253f-c4a3-4340-9d37-d41e42b9d14a/5ddf31f3-668d-4736-af84-aae2ed15b7ab/300x300.jpg
Bio,ba2ed561-0158-4b67-a8e4-8b3f54ad3823,MPX_3392181,Maggi Bouillon BIO Légumes 80g,2.69,33.63,"['Nos recettes', 'Recettes du Monde', '& Ceviche de Dorade Polenta']",MAGGI,True,False,false,2.0,MONTH,80g,['Produit bio'],https://courses.monoprix.fr/images-v3/0c44253f-c4a3-4340-9d37-d41e42b9d14a/0540645a-dd0d-4da5-a6a1-3394a721e1eb/300x300.jpg
Bio,84314967-464d-46e0-9908-5e16223325cf,MPX_1740918,Rainett Liquide Vaisselle Main Écologique Dermosensitive 500 Ml,2.15,4.3,"['Entretien & Nettoyage', 'Entretien écologique', 'Nettoyant vaisselle écologique']",Rainett,True,False,false,,,500ml,[],https://courses.monoprix.fr/images-v3/0c44253f-c4a3-4340-9d37-d41e42b9d14a/6ddd15a9-8bad-43ad-8ab4-dd7708dbecc7/300x300.jpg
Bio,ef157d43-5c60-4e4f-b964-b5c009771123,MPX_3537828,L'Atelier Blini Olives Vertes Et Noires Ail & Herbes De Provence Bio 150G,4.59,30.6,"['Fruits & Légumes', 'Prêts à consommer', 'Olives et Tapenades']",Atelier Blini,True,False,false,2.0,WEEK,150g,['Produit bio'],https://courses.monoprix.fr/images-v3/0c44253f-c4a3-4340-9d37-d41e42b9d14a/8111c1ef-aa0d-4dfb-9419-94deb5ff54da/300x300.jpg
Bio,422e3fa5-13d3-40d3-a7f5-00320b7c37b9,MPX_3392182,Maggi Bouillon Bio Volaille 80g,2.59,32.38,"['Nos recettes', 'Recettes Gastronomie Française', '& Poulet fermier mijoté']",MAGGI,True,False,false,2.0,MONTH,80g,['Produit bio'],https://courses.monoprix.fr/images-v3/0c44253f-c4a3-4340-9d37-d41e42b9d14a/5549aec8-cb65-4db4-8856-8fb56ee8cdd9/300x300.jpg
Bio,ebddfd80-d00a-4bf9-bf6b-de2569cf49b8,MPX_3172462,Barilla pates coquillettes bio 500g,2.29,4.58,"['Bio', 'Epicerie salée bio', 'Pâte bio']",Barilla,True,False,false,6.0,MONTH,500g,['Produit bio'],https://courses.monoprix.fr/images-v3/0c44253f-c4a3-4340-9d37-d41e42b9d14a/d0f8a032-375a-458c-9a37-496edb71823f/300x300.jpg
Bio,6e06804c-a774-4a0a-a4ba-5c0dfd02fb82,MPX_3306887,Knorr Bouillon de Poule Bio 6 Cubes 60g,1.95,29.55,"['Promotions', 'Promo Exclusivités Web', 'Bouillon et Fond de sauce Knorr, 50% sur le 2ème']",Knorr,True,False,false,2.0,MONTH,66g,['Produit bio'],https://courses.monoprix.fr/images-v3/0c44253f-c4a3-4340-9d37-d41e42b9d14a/2df9ceff-81b3-4ba7-a201-24884dd7d878/300x300.jpg
Bio,ae504656-0405-4bec-96da-b1681bdd7d7a,MPX_3612206,"Atelier Blini, Blinis Bio X8 160G",3.19,19.94,"['Pain et Viennoiserie', 'Toast, Canapé et Blini', 'Blini']",Atelier blini,True,False,false,1.0,WEEK,160g,['Produit bio'],https://courses.monoprix.fr/images-v3/0c44253f-c4a3-4340-9d37-d41e42b9d14a/51d25696-96f5-48eb-b9c3-788dfa1f9c1a/300x300.jpg
Bio,9a5f489a-a8c2-46ca-88a0-ceedf0c940e7,MPX_3167867,L'Atelier Blini Olives Vertes Dénoyautées au Basilic Bio 150g,4.49,29.93,"['Fruits & Légumes', 'Prêts à consommer', 'Olives et Tapenades']",Atelier blini,True,False,false,2.0,WEEK,150g,['Produit bio'],https://courses.monoprix.fr/images-v3/0c44253f-c4a3-4340-9d37-d41e42b9d14a/bf81f532-f36e-4fe8-870c-7efc19923b5b/300x300.jpg
Bio,f56d5e3d-3e38-4028-8426-ca8dd70ff9d7,MPX_3306886,Knorr Bouillon Saveur Légumes Bio 6 Cubes 60g,2.09,34.83,"['Promotions', 'Promo Exclusivités Web', 'Bouillon et Fond de sauce Knorr, 50% sur le 2ème']",Knorr,True,False,false,2.0,MONTH,60g,"['Produit végétarien', 'Produit vegan', 'Produit bio']",https://courses.monoprix.fr/images-v3/0c44253f-c4a3-4340-9d37-d41e42b9d14a/21adab50-952d-4e1c-842d-cb7a162b0f1b/300x300.jpg
Bio,1a56face-8c41-4619-98c6-c98e5a2421a4,MPX_3167866,Atelier Blini Olives Bio Ail et Origan 150g,4.59,30.6,"['Epicerie Salée', 'Produit apéritif', 'Olive et Légume mariné', 'Olive verte']",Atelier Blini,True,False,false,2.0,WEEK,150g,['Produit bio'],https://courses.monoprix.fr/images-v3/0c44253f-c4a3-4340-9d37-d41e42b9d14a/da752ab8-44c5-4852-9282-6a917484660e/300x300.jpg
Bio,b7a361a5-b78c-4c84-aef7-a7c2f239ccfa,MPX_3526690,"Tortillas au Blé Bio x6, 240g",2.25,9.38,"['Produits du monde', 'Mexique - México', 'Tortilla et Wrap']",Poco Loco,True,False,false,1.0,MONTH,240g,"['Produit végétarien', 'Produit bio']",https://courses.monoprix.fr/images-v3/0c44253f-c4a3-4340-9d37-d41e42b9d14a/e0f3e0bf-5edb-44f8-995b-b67e8254caee/300x300.jpg
Bio,1634480b-f2ac-46d8-b1df-c1ccb2ed6f93,MPX_3045557,Côte d'Or Tablette Chocolat Noir 70% Bio 90g,2.99,33.22,"['Promotions', 'Les promos à ne pas manquer', 'Le 2ème à moins 50%']",COTE D'OR,True,False,false,6.0,MONTH,90g,['Produit bio'],https://courses.monoprix.fr/images-v3/0c44253f-c4a3-4340-9d37-d41e42b9d14a/4118eb79-b09d-4711-b404-6cb5b4031efd/300x300.jpg
Bio,8075ce47-0d40-4e4c-ac18-d3c3f4025bd8,MPX_2822952,Rainett Liquide Vaisselle Main Dégraissant Citron Vert 750 Ml,2.59,3.45,"['Entretien & Nettoyage', 'Entretien écologique', 'Nettoyant vaisselle écologique']",Rainett,True,False,false,,,750ml,[],https://courses.monoprix.fr/images-v3/0c44253f-c4a3-4340-9d37-d41e42b9d14a/a42990fd-b5da-45ca-8ba1-a4e0b45d95b4/300x300.jpg
Bio,4b2d759b-8833-4c35-86a0-079832dd4b76,MPX_3648296,Max Havelaar Banane Bio x5,1.99,0.4,"['Bio', 'Fruit et Légume bio', 'Fruit frais bio']",-,True,False,false,2.0,DAY,5 par pack,"['Produit équitable', 'Produit bio']",https://courses.monoprix.fr/images-v3/0c44253f-c4a3-4340-9d37-d41e42b9d14a/ff8abea8-c868-4116-bb38-956055fcde1b/300x300.jpg
Bio,5e8beb6a-e669-47f7-b498-cb004957820b,MPX_4231092,Monoprix Bio Œufs Bio x10,4.89,0.49,"['Bio', 'Crèmerie bio', 'Œuf bio']",Monoprix Bio,True,False,false,1.0,WEEK,10 par pack,['Produit bio'],https://courses.monoprix.fr/images-v3/0c44253f-c4a3-4340-9d37-d41e42b9d14a/dbac32ed-f009-4e8e-9cff-9bff8feb6dca/300x300.jpg
Bio,d97b016b-faa7-4e7f-a34b-1751de9f91b5,MPX_2154121,Monoprix Bio Citron Jaune x4 Catégorie 2,2.29,0.57,"['Bio', 'Fruit et Légume bio', 'Fruit frais bio']",Monoprix,True,False,false,2.0,DAY,4 par pack,['Produit bio'],https://courses.monoprix.fr/images-v3/0c44253f-c4a3-4340-9d37-d41e42b9d14a/64a7ffe0-2247-4eed-9743-b66fa25ec0cd/300x300.jpg
Bio,21f2fb84-fce8-4a6d-b643-a57fac952cc7,MPX_1921543,Monoprix Bio Galettes de Blé noir 200g,3.49,17.45,"['Nos sélections', 'Inspiration du moment', '& Frigo vide', 'Traiteur']",Monoprix Bio,True,False,false,6.0,DAY,200g,['Produit bio'],https://courses.monoprix.fr/images-v3/0c44253f-c4a3-4340-9d37-d41e42b9d14a/fdec67db-dd68-4cb1-851b-83800349e585/300x300.jpg
Bio,47c8d6ca-336d-4efd-86b2-07ff0692c030,MPX_2159157,Bouquet Bio Tomates cerise Bio 250g,2.99,11.96,"['Bio', 'Fruit et Légume bio', 'Légume frais bio']",-,True,False,false,3.0,DAY,250g,['Produit bio'],https://courses.monoprix.fr/images-v3/0c44253f-c4a3-4340-9d37-d41e42b9d14a/26278af1-5161-40b1-9ee1-4a0a9e7424ee/300x300.jpg
Bio,d7602053-c820-425d-b31c-5e78a80efe75,MPX_4231091,Monoprix Bio Œufs Bio x6,3.09,0.52,"['Bio', 'Crèmerie bio', 'Œuf bio']",Monoprix Bio,True,False,false,1.0,WEEK,6 par pack,['Produit bio'],https://courses.monoprix.fr/images-v3/0c44253f-c4a3-4340-9d37-d41e42b9d14a/1ce2483b-a996-4e6d-9f3c-e7133c90f068/300x300.jpg
Bio,649834a8-86b4-47e5-8ee5-5b1a82d8237a,MPX_1172070,Monoprix Je Suis Vert Papier Toilette Compact X4,3.25,0.81,"['Bio', 'Entretien écologique', 'Essuie tout et Papier toilette écologique']",Monoprix Je Suis Vert,True,False,false,,,4 par pack,[],https://courses.monoprix.fr/images-v3/0c44253f-c4a3-4340-9d37-d41e42b9d14a/e1729344-4951-4dea-82ae-960b4039dbea/300x300.jpg
Bio,d3231172-6e71-4ce1-b772-dba58412e2f3,MPX_2653975,Monoprix Bio Crevettes cuites décortiquées 100g,4.69,46.9,"['Produits de la Mer', 'Poissonnerie', 'Crevettes et crustacés']",Monoprix Bio,True,False,false,5.0,DAY,100g,['Produit bio'],https://courses.monoprix.fr/images-v3/0c44253f-c4a3-4340-9d37-d41e42b9d14a/63af0662-e290-4391-b886-b8a5a3f2db2d/300x300.jpg
Bio,b35666a7-67ab-4f66-a48d-34d072df8596,MPX_966137,Monoprix Bio lait demi-écrémé stérilisée 6x1L,7.69,1.28,"['Bio', 'Crèmerie bio', 'Lait bio']",Monoprix Bio,True,False,false,1.0,MONTH,6 x 1L,['Produit bio'],https://courses.monoprix.fr/images-v3/0c44253f-c4a3-4340-9d37-d41e42b9d14a/4b0799fc-1e54-4f38-a5d8-9aaff4d7842d/300x300.jpg
Bio,f2af47ec-0bdb-4e7a-9428-f050bd4c005f,MPX_1626049,Loué Oeuf Fermier Gros Bio Boîte X6,4.39,0.73,"['Bio', 'Crèmerie bio', 'Œuf bio']",FERMIERS DE LOUE,True,False,false,1.0,WEEK,6 par pack,['Produit bio'],https://courses.monoprix.fr/images-v3/0c44253f-c4a3-4340-9d37-d41e42b9d14a/0ffb6ab4-e8ed-4b4e-8319-3901956a9bab/300x300.jpg
Bio,b2b149c2-27fe-4062-b139-c51671f8d2ad,MPX_3293006,Pomme Gala Bio x4 Catégorie 2,3.49,0.87,"['Bio', 'Fruit et Légume bio', 'Fruit frais bio']",-,True,False,false,3.0,DAY,4 par pack,['Produit bio'],https://courses.monoprix.fr/images-v3/0c44253f-c4a3-4340-9d37-d41e42b9d14a/7b3ffe1d-d565-4733-b4f4-f7df26b65729/300x300.jpg
Bio,0483de57-a85d-4e1f-9a2b-e9a121842fed,MPX_1334846,Monoprix Bio Huile d'Olive Vierge Extra 750ml,8.99,11.99,"['Nos recettes', 'Recettes du Monde', '& Ceviche de Dorade Polenta']",Monoprix Bio,True,False,false,2.0,MONTH,750ml,['Produit bio'],https://courses.monoprix.fr/images-v3/0c44253f-c4a3-4340-9d37-d41e42b9d14a/111c0b78-b6cb-4d81-9e63-5f2c0b4006ab/300x300.jpg
Bio,f5bcd73d-15d3-4107-87e5-90ac6e7346a6,MPX_149017,Bio Betteraves Sous Vide 500G,1.99,3.98,"['Bio', 'Fruit et Légume bio', 'Légume frais bio']",-,True,False,false,2.0,WEEK,500g,['Produit bio'],https://courses.monoprix.fr/images-v3/0c44253f-c4a3-4340-9d37-d41e42b9d14a/7420a3ab-77ef-43ab-a757-a85a0458b1d9/300x300.jpg
Bio,e5af62e1-d95f-4338-911b-eb8bbe0c90b5,MPX_732652,Monoprix Bio mozzarella au lait de vache bio 125g,1.79,14.32,"['Produits du monde', 'Italie - Italia', 'Mozzarella, Parmesan, Burrata et Ricotta']",Monoprix Bio,True,False,false,1.0,WEEK,125g,['Produit bio'],https://courses.monoprix.fr/images-v3/0c44253f-c4a3-4340-9d37-d41e42b9d14a/9ab982eb-4d5a-4309-be67-3cbf1f74947b/300x300.jpg
Bio,2e1a022b-acbe-4651-8e90-64942e9cadd4,MPX_1753538,Ail Blanc Bio 3 têtes,2.99,1.0,"['Bio', 'Fruit et Légume bio', 'Légume frais bio']",Monoprix,True,False,false,1.0,WEEK,3 par pack,['Produit bio'],https://courses.monoprix.fr/images-v3/0c44253f-c4a3-4340-9d37-d41e42b9d14a/5e795d76-6724-461f-acc5-edb122351884/300x300.jpg
Bio,1b40073b-1752-40a8-b6ce-5244f5235cb0,MPX_1386864,Monoprix Bio Jus de pomme 100% pur jus bio 1L,2.49,2.49,"['Bio', 'Boisson et Cave bio', 'Jus bio']",Monoprix Bio,True,False,false,1.0,MONTH,1L,['Produit bio'],https://courses.monoprix.fr/images-v3/0c44253f-c4a3-4340-9d37-d41e42b9d14a/37c86d8a-512d-455d-9a0a-5e437634ce2c/300x300.jpg
Bio,f24666f2-c9a0-489d-92ec-57348e5424c1,MPX_2368550,Bjorg Lait d'amande sans sucres bio 1L,2.69,2.69,"['Bio', 'Boisson et Cave bio', 'Boisson végétale bio']",Bjorg,True,False,false,1.0,MONTH,1L,['Produit bio'],https://courses.monoprix.fr/images-v3/0c44253f-c4a3-4340-9d37-d41e42b9d14a/eeb3e0a3-2daa-4a18-bd1b-4746f0f6672c/300x300.jpg
Bio,b4d316b8-63f4-47f3-827b-328f89e374bc,MPX_3073459,L'Œuf de Nos Villages Œufs frais Bio x10,6.15,0.62,"['Bio', 'Crèmerie bio', 'Œuf bio']",L'Oeuf De Nos Villages,True,False,false,1.0,WEEK,10 par pack,['Produit bio'],https://courses.monoprix.fr/images-v3/0c44253f-c4a3-4340-9d37-d41e42b9d14a/2e865449-81d3-425c-aa4e-70d2e46467a1/300x300.jpg
Bio,1f37f531-8dd8-4593-8b97-af71a89b8009,MPX_4219884,Monoprix Bio Crèpes moelleuses 210g,2.99,14.24,"['Nos sélections', 'Inspiration du moment', '& Frigo vide', 'Traiteur']",Monoprix Bio,True,False,false,6.0,DAY,210g,['Produit bio'],https://courses.monoprix.fr/images-v3/0c44253f-c4a3-4340-9d37-d41e42b9d14a/8b8672d5-b9b9-4f36-acac-bf8f29fc0a29/300x300.jpg
Bio,c33448f6-f167-4898-b491-6deee670eff8,MPX_2713955,Les 2 Vaches Yaourt Vanille Madagascar Bio 4x115g,2.35,5.11,"['Bio', 'Crèmerie bio', 'Yaourt bio']",Les 2 vaches,True,False,false,1.0,WEEK,4 x 115g,['Produit bio'],https://courses.monoprix.fr/images-v3/0c44253f-c4a3-4340-9d37-d41e42b9d14a/b6694625-6e15-48f3-86f0-9a4e3a1976a1/300x300.jpg
Bio,c30b277c-f79d-4418-88bc-51074e4d5cf8,MPX_2156370,Monoprix Bio Pomme Golden x6 Catégorie 2,3.99,0.67,"['Bio', 'Fruit et Légume bio', 'Fruit frais bio']",MONOP BIOLOGIQUE,True,False,false,3.0,DAY,6 par pack,['Produit bio'],https://courses.monoprix.fr/images-v3/0c44253f-c4a3-4340-9d37-d41e42b9d14a/e093f8b4-8ea6-4cf2-b8f6-2a168d57f6f6/300x300.jpg
Bio,43a91278-97bc-4e0e-8e35-d1a53338e9fa,MPX_1121677,Monoprix Bio Maïs Doux En Grains 285G,1.35,4.74,"['Bio', 'Epicerie salée bio', 'Conserve bio']",Monoprix Bio,True,False,false,1.0,YEAR,285g,['Produit bio'],https://courses.monoprix.fr/images-v3/0c44253f-c4a3-4340-9d37-d41e42b9d14a/7f668259-9ab9-4b00-8349-bc225340c3a7/300x300.jpg
Bio,e0510798-add3-41cc-8474-8905d45b4318,MPX_1906756,La Boulangère Pains au lait Bio x8 280g,2.49,8.89,"['Bio', 'Pain et Galette de riz bio', 'Pain et Biscotte bio']",La Boulangère,True,False,false,1.0,WEEK,280g,['Produit bio'],https://courses.monoprix.fr/images-v3/0c44253f-c4a3-4340-9d37-d41e42b9d14a/fc098056-baae-4932-8ca8-656c7fd05361/300x300.jpg
Bio,e42b4082-f4fb-4a78-9aa9-933c38c7870f,MPX_342337,Lu Cracottes Biscottes Céréales Complètes 250g,2.49,9.96,"['Epicerie Sucrée', 'Céréale et Barre', 'Céréale et Barre bio']",Cracotte,True,False,false,2.0,MONTH,250g,[],https://courses.monoprix.fr/images-v3/0c44253f-c4a3-4340-9d37-d41e42b9d14a/01e0b0e5-ba32-42a4-806d-cc9c79d9cbd0/300x300.jpg
Bio,f9d83eb7-293b-4447-8840-58d17dc80422,MPX_3705792,Monoprix Bio Soja Cuisine en brique 3 x 20cl,3.45,5.75,"['Bio', 'Crèmerie bio', 'Crème bio']",Monoprix Bio,True,False,false,2.0,MONTH,3 x 20cl,[],https://courses.monoprix.fr/images-v3/0c44253f-c4a3-4340-9d37-d41e42b9d14a/6faa9604-5227-470e-aab9-ba4c80e1a683/300x300.jpg
Bio,46214f7f-a0c7-40b3-a4c9-4df7cdd817fd,MPX_3174928,Monoprix Bio Guacamole doux bio 180 g,4.99,27.72,"['Produits du monde', 'Mexique - México', 'Produits apéritifs']",Monoprix Bio,True,False,false,1.0,WEEK,180g,['Produit bio'],https://courses.monoprix.fr/images-v3/0c44253f-c4a3-4340-9d37-d41e42b9d14a/84ad074e-f0d1-442a-8d0b-6eb35932078a/300x300.jpg
Bio,67a8cec3-5ca6-427c-81aa-5726d6ad4951,MPX_565649,"Bjorg Muesli sans sucres ajoutés, bio 375g",2.75,7.33,"['Epicerie Sucrée', 'Céréale et Barre', 'Céréale et Barre bio']",Bjorg,True,False,false,1.0,MONTH,375g,[],https://courses.monoprix.fr/images-v3/0c44253f-c4a3-4340-9d37-d41e42b9d14a/42877fd6-00ae-4c70-998f-a967c3a786f7/300x300.jpg
Bio,f6b5190a-b6df-47c6-86e4-4a76f36cf4b6,MPX_1816818,Monoprix Bio Compote Pomme Sans Sucres Ajoutés 4x100g,2.95,7.38,"['Nos sélections', 'Inspiration du moment', '& Frigo vide', 'Desserts et Yaourts']",Monoprix Bio,True,False,false,2.0,MONTH,400g,['Produit bio'],https://courses.monoprix.fr/images-v3/0c44253f-c4a3-4340-9d37-d41e42b9d14a/ab38004e-4791-4178-823a-eadf8616761a/300x300.jpg
Bio,5149fc68-c09d-41a8-b0d0-cbc6f2f320e9,MPX_1171278,Monoprix Bio Riz Long Blanc 500G,2.49,4.98,"['Epicerie Salée', 'Pâte, Riz, Céréale et Purée', 'Pâte, Riz, Purée et Légume sec bio']",Monoprix Bio,True,False,false,6.0,MONTH,500g,['Produit bio'],https://courses.monoprix.fr/images-v3/0c44253f-c4a3-4340-9d37-d41e42b9d14a/dcde6fdf-3700-4138-8598-1385a335d6ce/300x300.jpg
Bio,92385e27-451d-49e9-aa17-5e3d90a1c05f,MPX_800629,Bjorg Lait d'Amande Intense Bio 1L,3.95,3.95,"['Bio', 'Boisson et Cave bio', 'Boisson végétale bio']",Bjorg,True,False,false,1.0,MONTH,1L,['Produit bio'],https://courses.monoprix.fr/images-v3/0c44253f-c4a3-4340-9d37-d41e42b9d14a/3c18395d-617b-4d7c-aa53-875923dadfe8/300x300.jpg
Bio,fa87659f-0483-414d-a211-081071c2e1d5,MPX_2753519,"Céréal Bio Ravioli Tomates, Tofu & Basilic Sans Viande 267g",2.69,10.07,"['Régimes alimentaires', 'Vegan', 'Epicerie salée vegan']",Céréal bio,True,False,false,2.0,MONTH,267g,"['Produit vegan', 'Produit bio']",https://courses.monoprix.fr/images-v3/0c44253f-c4a3-4340-9d37-d41e42b9d14a/f9f9b1d3-95c1-4a79-b07b-dd1e867a8d13/300x300.jpg
Bio,069b583d-16a3-40ec-82e9-ac7ccbbded49,MPX_2625607,Nature de France Nuggets de volaille bio 200g,5.19,25.95,"['Bio', 'Boucherie et Volaille bio', 'Volaille bio']",Nature de france,True,False,false,1.0,WEEK,200g,['Produit bio'],https://courses.monoprix.fr/images-v3/0c44253f-c4a3-4340-9d37-d41e42b9d14a/0f5c9195-1990-46fb-ac0e-5c349689d731/300x300.jpg
Bio,8a4df9ab-2c0b-4af1-8e8d-509bc8e7bb2b,MPX_2712060,Monoprix Bio Châtaignes entières pelées au feu 210g,6.15,29.29,"['Bio', 'Fruit et Légume bio', 'Légume frais bio']",Monoprix Bio,True,False,false,6.0,MONTH,210g,['Produit bio'],https://courses.monoprix.fr/images-v3/0c44253f-c4a3-4340-9d37-d41e42b9d14a/980522ab-d0a6-411c-bd23-dc1dd53e9305/300x300.jpg
Bio,6161e620-2c69-48c3-99c0-ed82c702e43f,MPX_1663634,Monoprix Bio Yaourt de brebis nature bio 2X125g,1.69,6.76,"['Bio', 'Crèmerie bio', 'Yaourt bio']",Monoprix Bio,True,False,false,1.0,WEEK,2 x 125g,['Produit bio'],https://courses.monoprix.fr/images-v3/0c44253f-c4a3-4340-9d37-d41e42b9d14a/51e8025c-5299-44df-aa66-314bd5e85910/300x300.jpg
Bio,1ecf1668-436a-4325-8c4f-28db21127dcd,MPX_2536930,Monoprix Bio Brocolis Fleurettes 600g,2.99,4.98,"['Surgelés', 'Légumes surgelés', 'Légumes surgelés bio']",Monoprix Bio,True,False,false,6.0,MONTH,600g,"['Produit congelé', 'Produit bio']",https://courses.monoprix.fr/images-v3/0c44253f-c4a3-4340-9d37-d41e42b9d14a/0be67e28-ddf1-48cd-99d4-83cb1529186d/300x300.jpg
Bio,cb59ff16-8b48-4d0a-979c-64a67448425f,MPX_2322302,Les 2 vaches Flan vanille caramel bio 4x100g,2.59,6.48,"['Bio', 'Crèmerie bio', 'Yaourt bio']",Les 2 vaches,True,False,false,1.0,WEEK,4 x 100g,['Produit bio'],https://courses.monoprix.fr/images-v3/0c44253f-c4a3-4340-9d37-d41e42b9d14a/b188397b-246f-4909-bf86-5920b3770c40/300x300.jpg
Bio,b4ab5dc8-5214-4005-8068-3e1c40694ec2,MPX_2160581,"Bjorg Muesli superfruits raisin, cassis, cranberry, myrtille, bio 375g",4.19,11.17,"['Epicerie Sucrée', 'Céréale et Barre', 'Céréale et Barre bio']",Bjorg,True,False,false,1.0,MONTH,375g,['Produit bio'],https://courses.monoprix.fr/images-v3/0c44253f-c4a3-4340-9d37-d41e42b9d14a/116de225-3ddd-463b-aa37-793c920dda1a/300x300.jpg
Bio,79d70f24-0fd2-4967-8615-3b1897c05982,MPX_2291189,Monoprix Bio Cookies aux pépites de chocolat noir 175g,2.15,12.29,"['Bio', 'Epicerie sucrée bio', 'Biscuit bio']",Monoprix Bio,True,False,false,2.0,MONTH,175g,['Produit bio'],https://courses.monoprix.fr/images-v3/0c44253f-c4a3-4340-9d37-d41e42b9d14a/fcb64612-a783-4b08-8a86-94279fb0bd40/300x300.jpg
Bio,bc72135a-0553-4f8e-8592-24a8b7ae89e9,MPX_3183638,Charal Haché X2 Façon Boucherie Bio 2 X,5.99,24.96,"['Bio', 'Boucherie et Volaille bio', 'Boucherie bio']",Charal,True,False,false,3.0,DAY,240g,['Produit bio'],https://courses.monoprix.fr/images-v3/0c44253f-c4a3-4340-9d37-d41e42b9d14a/d7da2e07-291a-47aa-861d-b8040f1bf6b0/300x300.jpg
Bio,e6177174-9e8f-4a05-a52c-150d14d77801,MPX_2379816,"Bjorg Boulghour, Quinoa Et Sésame, Bio 250G",2.45,9.8,"['Epicerie Salée', 'Pâte, Riz, Céréale et Purée', 'Pâte, Riz, Purée et Légume sec bio']",Bjorg,True,False,false,2.0,MONTH,250g,['Produit bio'],https://courses.monoprix.fr/images-v3/0c44253f-c4a3-4340-9d37-d41e42b9d14a/39afb0e0-f517-45fe-bd47-a23e0f1b70b9/300x300.jpg
Bio,bc49de80-80a2-4307-9882-37b14ba38171,MPX_4218688,Monoprix Bio Pain De Mie Complet 500g,2.29,4.58,"['Bio', 'Pain et Galette de riz bio', 'Pain et Biscotte bio']",Monoprix Bio,True,False,false,6.0,DAY,500g,['Produit bio'],https://courses.monoprix.fr/images-v3/0c44253f-c4a3-4340-9d37-d41e42b9d14a/8729dd69-9587-46a8-b210-242a55887a32/300x300.jpg
Bio,1f05f15c-42a5-4c30-a557-91f1b7536af5,MPX_2120291,Primevère Margarine Tartine & Cuisson Bio doux 250g,3.09,12.36,"['Bio', 'Crèmerie bio', 'Beurre bio']",Primevère,True,False,false,3.0,WEEK,250g,['Produit végétarien'],https://courses.monoprix.fr/images-v3/0c44253f-c4a3-4340-9d37-d41e42b9d14a/e8c561c7-3967-41f0-a598-ebfc18dd4019/300x300.jpg
Bio,7e8cf1f3-2211-48e3-961c-fb9de06d4c4e,MPX_2974667,Monoprix Bio Sablés Aux Pépites De Chocolat Noir Et Aux Graines 140G,2.29,16.36,"['Bio', 'Epicerie sucrée bio', 'Biscuit bio']",Monoprix Bio,True,False,false,1.0,MONTH,140g,['Produit bio'],https://courses.monoprix.fr/images-v3/0c44253f-c4a3-4340-9d37-d41e42b9d14a/dfc9be0f-117b-4308-b2c0-545e737ad37a/300x300.jpg
Bio,c5082de0-830f-44ba-92a7-e6c1f2da74cc,MPX_3730184,Monoprix Bio Saumon Atlantique Fumé Bio 120g,7.25,60.42,"['Nos sélections', 'Inspiration du moment', '& Notre sélection brunch', 'Saumons']",Monoprix Bio,True,False,false,1.0,WEEK,120g,['Produit bio'],https://courses.monoprix.fr/images-v3/0c44253f-c4a3-4340-9d37-d41e42b9d14a/6531650d-3298-4179-8349-69dfd4360740/300x300.jpg
Bio,3dfbf6ec-adf8-420a-9136-69e1b24113ac,MPX_1739804,Monoprix Bio Goûters fourrés au cacao 185g,2.49,13.46,"['Nos sélections', 'Boutique Enfants', 'Pour le goûter de vos enfants', 'Biscuit et Goûter']",Monoprix Bio,True,False,false,1.0,MONTH,185g,['Produit bio'],https://courses.monoprix.fr/images-v3/0c44253f-c4a3-4340-9d37-d41e42b9d14a/65afb501-49eb-4863-b41b-51a56b6e1ba1/300x300.jpg
Bio,98b5a16c-11dc-4271-badb-83109de6c329,MPX_2035671,Monoprix Bio Mozzarella di Bufala Campana AOP 125g,3.69,29.52,"['Bio', 'Crèmerie bio', 'Fromage bio']",Monoprix Bio,True,False,false,1.0,WEEK,125g,['Produit bio'],https://courses.monoprix.fr/images-v3/0c44253f-c4a3-4340-9d37-d41e42b9d14a/09c04ecc-1963-475c-af27-45536d2ef890/300x300.jpg
Bio,2a107de9-21e4-4232-b041-8fdcfbcf38f2,MPX_3379843,Monoprix Bio mâche et roquette 100g,2.49,24.9,"['Bio', 'Fruit et Légume bio', 'Légume frais bio']",Monoprix Bio,True,False,false,2.0,DAY,100g,['Produit bio'],https://courses.monoprix.fr/images-v3/0c44253f-c4a3-4340-9d37-d41e42b9d14a/9034b8c1-449f-44bb-b126-ca6fce2f2368/300x300.jpg
Bio,79ff73a9-1ad4-4a4c-bc56-fb85804c018c,MPX_6620850,Les 2 Vaches Skyr Bio 825g,5.89,7.14,"['Bio', 'Crèmerie bio', 'Yaourt bio']",Les 2 vaches,True,False,false,1.0,WEEK,825g,['Produit bio'],https://courses.monoprix.fr/images-v3/0c44253f-c4a3-4340-9d37-d41e42b9d14a/16c9b2c7-95d4-4f70-9ee4-40a2bbe249f5/300x300.jpg
Bio,924b626c-9652-48da-8076-3086a1a38abf,MPX_1875861,Monoprix bio tomates entières pelées 240g,1.49,6.21,"['Bio', 'Epicerie salée bio', 'Conserve bio']",Monoprix Bio,True,False,false,6.0,MONTH,240g,['Produit bio'],https://courses.monoprix.fr/images-v3/0c44253f-c4a3-4340-9d37-d41e42b9d14a/8bfa46f8-2635-420b-bda8-7e0c999972e1/300x300.jpg
Bio,88188678-eaff-4fe0-87e0-767a7a66f88e,MPX_2837572,Good Goût Dessert Brassé Poire Vanille Bio Dès 6 Mois 90g,1.85,20.56,"['Bébé', 'Bébé bio', 'Dessert aux Fruits et Lacté bio', 'Dessert Lacté bio']",Good Goût,True,False,false,2.0,MONTH,90g,"['Produit végétarien', 'Produit bio']",https://courses.monoprix.fr/images-v3/0c44253f-c4a3-4340-9d37-d41e42b9d14a/0755d919-c771-4ce1-9435-e1b6f79f71ab/300x300.jpg
Bio,4baafc8d-c02c-4d17-b607-9acb880f6e2d,MPX_2007463,Bonduelle feuille de chêne bio 100g,1.89,18.9,"['Bio', 'Fruit et Légume bio', 'Légume frais bio']",Bonduelle,True,False,false,2.0,DAY,100g,"['Produit vegan', 'Produit bio']",https://courses.monoprix.fr/images-v3/0c44253f-c4a3-4340-9d37-d41e42b9d14a/c2224ae7-df53-4991-936b-8f179d276007/300x300.jpg
Bio,f4c6553c-1e42-476f-802e-2eb4170fd27b,MPX_3343640,Monoprix Bio Coulis de tomate bio 350g,1.79,5.11,"['Nos recettes', 'Recettes de Chefs', '& Linguine tomates burrata bacon']",Monoprix Bio,True,False,false,1.0,YEAR,350g,['Produit bio'],https://courses.monoprix.fr/images-v3/0c44253f-c4a3-4340-9d37-d41e42b9d14a/6e7f7390-6124-40fe-9509-965da791a068/300x300.jpg
Bio,74d1016b-c57d-4edb-bf5d-c4656cf39550,MPX_3114228,Monoprix Bio Compote pommes poires sans sucres ajoutés Dès 4 mois 4x100g,2.15,5.38,"['Bébé', 'Bébé bio', 'Dessert aux Fruits et Lacté bio', 'Dessert aux Fruits bio']",Monoprix Bio,True,False,false,2.0,MONTH,4 x 100g,['Produit bio'],https://courses.monoprix.fr/images-v3/0c44253f-c4a3-4340-9d37-d41e42b9d14a/a6781eed-5766-4bcb-9650-f3d276c00a24/300x300.jpg
Bio,9f185d5e-7475-43c7-b573-c22e82c72f16,MPX_3524146,Pom'potes Compote Pêche Pomme Brugnon Bio 4x90g,3.29,9.14,"['Produits Laitiers, Œufs et Fromages', 'Desserts', 'Desserts bio']",POM'POTES,True,False,false,2.0,MONTH,4 x 90g,['Produit bio'],https://courses.monoprix.fr/images-v3/0c44253f-c4a3-4340-9d37-d41e42b9d14a/12ea3b70-5bed-4313-a45b-0e831ea15140/300x300.jpg
Bio,818ecba0-b08a-46d6-b7f5-68ad6de0da38,MPX_1704549,Giraudet Quenelles fraîches nature bio 4x80g,5.99,18.72,"['Nos régions de France', 'Auvergne Rhône Alpes', 'Crozets, ravioles, quenelles et pâtes']",Giraudet,True,False,false,6.0,DAY,320g,['Produit bio'],https://courses.monoprix.fr/images-v3/0c44253f-c4a3-4340-9d37-d41e42b9d14a/3beee3dd-7748-44bf-9510-d08e1e75764d/300x300.jpg
Bio,78e67b24-6212-4543-b375-fb0c6c106339,MPX_3822258,La Nouvelle Agriculture Œufs Frais De Poules Bio x6,3.99,10.56,"['Bio', 'Crèmerie bio', 'Œuf bio']",La nouvelle agriculture,True,False,false,6.0,DAY,378g,['Produit bio'],https://courses.monoprix.fr/images-v3/0c44253f-c4a3-4340-9d37-d41e42b9d14a/fe10ccab-7be3-4360-87aa-5e181d7602e3/300x300.jpg
Bio,88e7c7a3-da50-4394-8c5c-ae02002442bd,MPX_2368549,Bjorg Lait d'Amande Bio 1L,3.59,3.59,"['Bio', 'Boisson et Cave bio', 'Boisson végétale bio']",Bjorg,True,False,false,1.0,MONTH,1L,['Produit bio'],https://courses.monoprix.fr/images-v3/0c44253f-c4a3-4340-9d37-d41e42b9d14a/9d6be5b9-bf00-449e-8063-0ae564cdae60/300x300.jpg
Bio,d46a013d-d111-4c03-b193-b209c7a1c66f,MPX_3329059,Pom'Potes Compote Fraise Pomme Bio Le Pack De 4X90G,3.49,9.69,"['Produits Laitiers, Œufs et Fromages', 'Desserts', 'Desserts bio']",Pom'potes,True,False,false,2.0,MONTH,4 x 90g,['Produit bio'],https://courses.monoprix.fr/images-v3/0c44253f-c4a3-4340-9d37-d41e42b9d14a/24373245-0788-47ea-8924-a11dacf299c9/300x300.jpg
Bio,79b10e7a-85dd-4eb3-b63d-ec85db896a8b,MPX_3647190,St Môret bio fromage le Goût Primeur 125g,3.49,23.27,"['Bio', 'Crèmerie bio', 'Fromage bio']",SAINT MORET,True,False,false,2.0,WEEK,150g,['Produit bio'],https://courses.monoprix.fr/images-v3/0c44253f-c4a3-4340-9d37-d41e42b9d14a/695941f3-8d84-4d58-9e35-88e4a78a928e/300x300.jpg
Bio,e5e61ef5-06db-439e-b845-9c5ac99fe284,MPX_1690307,Monoprix Bio 100% Jus de Pomme 6x20cl,4.25,3.54,"['Bio', 'Boisson et Cave bio', 'Jus bio']",Monoprix Bio,True,False,false,1.0,MONTH,6 x 20cl,[],https://courses.monoprix.fr/images-v3/0c44253f-c4a3-4340-9d37-d41e42b9d14a/f8d6cb97-043b-48ac-bac1-773aee120107/300x300.jpg
Bio,0bad6b27-edea-42c7-9161-400c71bd403f,MPX_1864463,"Babybio Petits pots maïs riz, petits pois, dès 6 mois, bio 2x200g",3.39,8.48,"['Naturalia', 'Bébé', 'Alimentation Bébé']",Babybio,True,False,false,6.0,MONTH,2 x 200g,['Produit bio'],https://courses.monoprix.fr/images-v3/0c44253f-c4a3-4340-9d37-d41e42b9d14a/d2260542-537d-4380-b9db-a2403937ca25/300x300.jpg
Bio,2ebae63d-7065-4a0e-8565-8d31928a17bd,MPX_3550800,Monoprix Bio Pommes de terre rustiques à l'huile d'olive bio 450g,6.09,13.53,"['Surgelés', 'Légumes surgelés', 'Légumes surgelés bio']",Monoprix Bio,True,False,false,6.0,MONTH,450g,"['Produit congelé', 'Produit bio']",https://courses.monoprix.fr/images-v3/0c44253f-c4a3-4340-9d37-d41e42b9d14a/1d3cbb85-9531-4c09-b053-d72852ee1b2a/300x300.jpg
Bio,15a21de2-bfc6-46f7-b755-f9d6bf30ffb8,MPX_3576915,Monoprix Bio légumes pour potage bio 600g,2.45,4.08,"['Surgelés', 'Légumes surgelés', 'Légumes surgelés bio']",Monoprix Bio,True,False,false,6.0,MONTH,600g,"['Produit congelé', 'Produit bio']",https://courses.monoprix.fr/images-v3/0c44253f-c4a3-4340-9d37-d41e42b9d14a/03bc07c4-afac-43ef-af1e-c05c0ca1701b/300x300.jpg
Bio,e1733cf8-1047-4f7b-a165-2389a479e777,MPX_3416698,"Volvic Essentiel Bio Citron, Pamplemousse & Romarin 75Cl",2.29,3.05,"['Bio', 'Boisson et Cave bio', 'Soda, Boisson aromatisée et Sirop bio']",Volvic,True,False,false,1.0,MONTH,750ml,['Produit bio'],https://courses.monoprix.fr/images-v3/0c44253f-c4a3-4340-9d37-d41e42b9d14a/2010bd8d-97b8-4ad0-9f18-bbbf42a99aab/300x300.jpg
Bio,3887d9e1-500c-46ea-a6bf-c8011223d29d,MPX_3032694,Carapelli Huile d'Olive Vierge Extra Bio Vivace 75cl,12.9,17.2,"['Epicerie Salée', 'Assaisonnement et Condiment', 'Huile', ""Huile d'olive""]",Carapelli,True,False,false,2.0,MONTH,750ml,['Produit bio'],https://courses.monoprix.fr/images-v3/0c44253f-c4a3-4340-9d37-d41e42b9d14a/f896dc8b-2360-4b6a-953a-776fc47ec1bc/300x300.jpg
Bio,8d6fd1fe-218a-4f86-9ead-67d0e9545eb0,MPX_3753741,Darégal échalotte bio 75g,2.89,38.53,"['Surgelés', 'Légumes surgelés', 'Légumes surgelés bio']",Darégal,True,False,false,1.0,YEAR,75g,"['Produit congelé', 'Produit bio']",https://courses.monoprix.fr/images-v3/0c44253f-c4a3-4340-9d37-d41e42b9d14a/999d14db-82fd-4aa4-82c6-eaeec80127e0/300x300.jpg
Bio,f66ffd97-9526-4766-8395-b2968ceefe90,MPX_1834128,Monoprix Bio Raisins Secs Sachet de 250g,2.99,11.96,"['Bio', 'Fruit et Légume bio', 'Fruit sec bio']",Monoprix Bio,True,False,false,2.0,MONTH,250g,['Produit bio'],https://courses.monoprix.fr/images-v3/0c44253f-c4a3-4340-9d37-d41e42b9d14a/14248b74-1e1b-4738-9891-bda229baafe2/300x300.jpg
Bio,b2a094f3-df55-4099-a330-01f130686d30,MPX_5033113,Florette Mâche Bio 80g,1.99,24.88,"['Bio', 'Fruit et Légume bio', 'Légume frais bio']",Florette,True,False,false,3.0,DAY,80g,['Produit bio'],https://courses.monoprix.fr/images-v3/0c44253f-c4a3-4340-9d37-d41e42b9d14a/9bb43e38-5ed9-4366-ae3a-080297a6bef4/300x300.jpg
Bio,e6e2f74c-4f8f-4d3b-93d0-82b4b25bda71,MPX_3599653,Monoprix Bio Crème Dessert Au Lait Entier Goût Chocolat 4X95G,1.49,3.92,"['Bio', 'Crèmerie bio', 'Yaourt bio']",Monoprix Bio,True,False,false,2.0,WEEK,380g,[],https://courses.monoprix.fr/images-v3/0c44253f-c4a3-4340-9d37-d41e42b9d14a/783cfdd8-d8a2-4c2e-9475-35e47ece4800/300x300.jpg
Bio,b558efbb-4f29-4b56-922f-7b745abef6f7,MPX_1292015,Monoprix Bio Galettes de riz Complet 115g,1.69,14.7,"['Bio', 'Epicerie sucrée bio', 'Pain et Galette de riz bio', 'Galette de riz bio']",Monoprix Bio,True,False,false,2.0,MONTH,115g,['Produit bio'],https://courses.monoprix.fr/images-v3/0c44253f-c4a3-4340-9d37-d41e42b9d14a/ea5ecc67-8beb-4521-900f-6241cf45d183/300x300.jpg
Bio,9ac6a384-c17d-4cf0-9087-85984200881e,MPX_4078699,Malo Yaourt Nature Bio Pot 4x125g,2.29,4.58,"['Bio', 'Crèmerie bio', 'Yaourt bio']",Malo,True,False,false,1.0,WEEK,4 x 125g,['Produit bio'],https://courses.monoprix.fr/images-v3/0c44253f-c4a3-4340-9d37-d41e42b9d14a/e01b34be-a71e-4c04-bee0-98d3c8d1cafa/300x300.jpg
Bio,c6281c0b-fcaf-4f61-a7b0-5e00472c14dc,MPX_3292347,Harrys Pain 100% Mie Complet Bio 325g,4.25,13.08,"['Bio', 'Pain et Galette de riz bio', 'Pain et Biscotte bio']",Harrys,True,False,false,1.0,WEEK,325g,['Produit bio'],https://courses.monoprix.fr/images-v3/0c44253f-c4a3-4340-9d37-d41e42b9d14a/507ad6f4-57a4-46ff-b4f8-784f1256608f/300x300.jpg
Bio,5caa76c4-4d94-4860-b3dc-3fae8532c1e3,MPX_4124772,Malo Yaourt Aromatisé Vanille Bio 4x125g,2.75,5.5,"['Bio', 'Crèmerie bio', 'Yaourt bio']",Malo,True,False,false,1.0,WEEK,4 x 125g,['Produit bio'],https://courses.monoprix.fr/images-v3/0c44253f-c4a3-4340-9d37-d41e42b9d14a/a8cbb80b-51bb-48c3-9962-1eac101488a3/300x300.jpg
Bio,8223887b-2412-4f0f-835f-9f5efeedda9d,MPX_164611,Monoprix Bio Lentilles vertes 500g,3.89,7.78,"['Epicerie Salée', 'Pâte, Riz, Céréale et Purée', 'Pâte, Riz, Purée et Légume sec bio']",Monoprix Bio,True,False,false,6.0,MONTH,500g,[],https://courses.monoprix.fr/images-v3/0c44253f-c4a3-4340-9d37-d41e42b9d14a/436bb758-3d4d-4782-b132-0919f97c88b1/300x300.jpg
Bio,eb234463-8436-4273-97dc-6c2aed23755a,MPX_3670539,Monoprix Bio Trio de Quinoa 400g,3.99,9.98,"['Epicerie Salée', 'Pâte, Riz, Céréale et Purée', 'Pâte, Riz, Purée et Légume sec bio']",Monoprix Bio,True,False,false,6.0,MONTH,400g,['Produit bio'],https://courses.monoprix.fr/images-v3/0c44253f-c4a3-4340-9d37-d41e42b9d14a/814e8d84-8e0f-4eb1-a4cc-d0d122419410/300x300.jpg
Bio,ccb35d28-334b-4482-a74b-7da39b1e2d92,MPX_576726,Monoprix Bio Origines Cuisses De Poulet Fermier Bio X2,8.96,16.29,"['Bio', 'Boucherie et Volaille bio', 'Volaille bio']",Monoprix Bio Origines,True,False,false,4.0,DAY,550,['Produit bio'],https://courses.monoprix.fr/images-v3/0c44253f-c4a3-4340-9d37-d41e42b9d14a/2c66c378-ec16-4076-8472-d053a34f55d5/300x300.jpg
Bio,446796bc-f01c-4b83-a5ea-efeb351348e6,MPX_3073195,"Bjorg Biscuits avoine chocolat, bio 130g",3.39,26.08,"['Bio', 'Epicerie sucrée bio', 'Biscuit bio']",Bjorg,True,False,false,1.0,MONTH,130g,['Produit bio'],https://courses.monoprix.fr/images-v3/0c44253f-c4a3-4340-9d37-d41e42b9d14a/f702b1d9-97c8-457d-874e-bc10c8313ee5/300x300.jpg
Bio,ec1816b9-d20b-4e83-9fd7-b222d8e51b1d,MPX_2118523,Monoprix Bio Amandes grillées et salées 120g,4.85,40.42,"['Epicerie Salée', 'Produit apéritif', 'Cacahuète, Noix, Amande et Pistache', 'Amande et Pistache']",Monoprix Bio,True,False,false,2.0,MONTH,120g,['Produit bio'],https://courses.monoprix.fr/images-v3/0c44253f-c4a3-4340-9d37-d41e42b9d14a/403d2720-81a2-499c-ba11-e245b2b9becd/300x300.jpg
Bio,c739b9fe-f7b2-4561-97dd-40ef5170f05f,MPX_2216151,Jardin Bio Lentilles vertes bio 250g,2.55,10.2,"['Epicerie Salée', 'Pâte, Riz, Céréale et Purée', 'Pâte, Riz, Purée et Légume sec bio']",Léa Nature Jardin Bio,True,False,false,2.0,MONTH,250g,['Produit bio'],https://courses.monoprix.fr/images-v3/0c44253f-c4a3-4340-9d37-d41e42b9d14a/082ceb04-016c-4f93-a683-94afb104a7c0/300x300.jpg
Bio,bbb6d977-1836-426e-8c58-138a47fc9780,MPX_2307616,Clipper Thé Vert Bio 35g,3.29,94.0,"['Epicerie Sucrée', 'Café, Thé et Boisson chaude', 'Thé et Infusion', 'Thé vert']",Clipper,True,False,false,6.0,MONTH,35g,"['Produit équitable', 'Produit bio']",https://courses.monoprix.fr/images-v3/0c44253f-c4a3-4340-9d37-d41e42b9d14a/27f9621d-bc28-4310-a0de-a8a247341a9f/300x300.jpg
Bio,874c6ade-12bc-44ca-bcfb-8b9cbd477682,MPX_3512439,Brioche Pasquier - Pains au lait bio - x8 280g,2.85,10.18,"['Pain et Viennoiserie', 'Pain au lait et Brioche', 'Pain au lait']",Brioche Pasquier,True,False,false,1.0,WEEK,280g,['Produit bio'],https://courses.monoprix.fr/images-v3/0c44253f-c4a3-4340-9d37-d41e42b9d14a/7ead8781-20d7-493e-be25-c9f1307c90be/300x300.jpg
Bio,be5e7922-2c8f-4d5a-86a3-c8c16f5afc55,MPX_4235265,Monoprix Bio jus de citron de Sicile 500ml,3.49,6.98,"['Bio', 'Boisson et Cave bio', 'Jus bio']",Monop biologique,True,False,false,2.0,MONTH,500ml,['Produit bio'],https://courses.monoprix.fr/images-v3/0c44253f-c4a3-4340-9d37-d41e42b9d14a/a2886c25-513c-42ba-9759-579465fecef7/300x300.jpg
Bio,35f57fc6-3462-4d11-b70a-0cc372593450,MPX_2160477,Bjorg Boisson Végétale Épeautre Noisette Bio 1L,4.29,4.29,"['Bio', 'Boisson et Cave bio', 'Boisson végétale bio']",Bjorg,True,False,false,1.0,MONTH,1L,['Produit bio'],https://courses.monoprix.fr/images-v3/0c44253f-c4a3-4340-9d37-d41e42b9d14a/db7b51da-f766-43bc-8fcb-d40c7a7775f2/300x300.jpg
Bio,5cb74583-af48-4d84-a8ca-ece4f3557a98,MPX_3073457,L'œuf De Nos Villages Œufs De Plein Air x6,2.59,0.43,"['Bio', 'Crèmerie bio', 'Œuf bio']",L'œuf de nos villages,True,False,false,1.0,WEEK,6 par pack,[],https://courses.monoprix.fr/images-v3/0c44253f-c4a3-4340-9d37-d41e42b9d14a/d41368ba-4033-4b08-9951-1bc8d6d88280/300x300.jpg
Bio,f007ff0f-7ce8-4b29-9282-264fa705a997,MPX_3563415,Petti Coulis de Tomate Bio 400g,2.35,5.88,"['Epicerie Salée', 'Sauce et Base culinaire', 'Concentré, Coulis et Purée']",Petti,True,False,false,6.0,MONTH,400g,['Produit bio'],https://courses.monoprix.fr/images-v3/0c44253f-c4a3-4340-9d37-d41e42b9d14a/d643b4dd-cf59-4e9b-879c-21edc181f560/300x300.jpg
Bio,bf0a5408-c985-4b86-b540-3d6b56209bfc,MPX_4028227,Malo Yaourt Au Lait Entier Saveur Citron Bio 4x125g,2.75,5.5,"['Bio', 'Crèmerie bio', 'Yaourt bio']",Malo,True,False,false,1.0,WEEK,4 x 125g,['Produit bio'],https://courses.monoprix.fr/images-v3/0c44253f-c4a3-4340-9d37-d41e42b9d14a/841e8275-f2af-45c3-a73b-6fdea9104145/300x300.jpg
Bio,22d3f8a9-c61c-4438-990d-a593129b53fc,MPX_2118519,Monoprix Bio Pistaches grillées et salées 100g,4.85,48.5,"['Epicerie Salée', 'Produit apéritif', 'Cacahuète, Noix, Amande et Pistache', 'Amande et Pistache']",Monoprix Bio,True,False,false,2.0,MONTH,100g,['Produit bio'],https://courses.monoprix.fr/images-v3/0c44253f-c4a3-4340-9d37-d41e42b9d14a/90a2535a-00b4-427d-9e7d-d4d8563e3ff5/300x300.jpg
Bio,e6e8e13a-281a-46bd-8098-8f8bf0ea92e1,MPX_1848054,Monoprix Bio Chocolat au lait dégustation 40% de cacao 100g,1.99,19.9,"['Nos recettes', 'Recettes de Chefs', '& Aurélien Cohen - Les cookies']",Monoprix Bio,True,False,false,2.0,MONTH,100g,"['Produit équitable', 'Produit bio']",https://courses.monoprix.fr/images-v3/0c44253f-c4a3-4340-9d37-d41e42b9d14a/b55dc8c8-6fdd-4b86-b529-ca0c2a29b713/300x300.jpg
Bio,e72181ff-21d3-4cb7-ad02-ea1e6dd08c7f,MPX_1864460,"Babybio Petits pots carottes potimarron & riz, dès 6mois, bio 2x200g",3.39,8.48,"['Naturalia', 'Bébé', 'Alimentation Bébé']",Babybio,True,False,false,6.0,MONTH,2 x 200g,['Produit bio'],https://courses.monoprix.fr/images-v3/0c44253f-c4a3-4340-9d37-d41e42b9d14a/ae27f42e-1dab-4efb-b618-66cc835339e5/300x300.jpg
Bio,4e291980-bb63-41df-9ad5-e4f899a94f1c,MPX_3670541,Monoprix Bio Lentilles Corail 450G,3.49,7.43,"['Epicerie Salée', 'Pâte, Riz, Céréale et Purée', 'Pâte, Riz, Purée et Légume sec bio']",Monoprix Bio,True,False,false,6.0,MONTH,470g,['Produit bio'],https://courses.monoprix.fr/images-v3/0c44253f-c4a3-4340-9d37-d41e42b9d14a/75d1de58-b324-4ba9-94d4-a8419a79e2a1/300x300.jpg
Bio,4ff09e45-714c-4da5-a289-6f3f23878f03,MPX_3379844,Monoprix Bio batavia 100g,1.99,19.9,"['Bio', 'Fruit et Légume bio', 'Légume frais bio']",Monoprix Bio,True,False,false,2.0,DAY,100g,['Produit bio'],https://courses.monoprix.fr/images-v3/0c44253f-c4a3-4340-9d37-d41e42b9d14a/ca9aa25c-500c-449a-b90a-c20a5da70bed/300x300.jpg
Bio,abfb5e40-484a-4880-8a22-c37d53e1eae6,MPX_3599493,Always Protege-Slips Coton Bio Normal X28,4.15,0.15,"['Bio', 'Beauté bio', 'Visage bio', 'Toilette bio']",Always,True,False,false,,,28 par pack,['Produit bio'],https://courses.monoprix.fr/images-v3/0c44253f-c4a3-4340-9d37-d41e42b9d14a/4077baaf-ed7f-4f48-b2c4-14ee210d76e5/300x300.jpg
Bio,778d88ee-9de1-43f8-871f-7820739304d5,MPX_2687028,Monoprix Bio Pain Grillé Au Blé Complet 250g,2.65,10.6,"['Bio', 'Pain et Galette de riz bio', 'Pain et Biscotte bio']",Monoprix Bio,True,False,false,2.0,MONTH,250g,['Produit bio'],https://courses.monoprix.fr/images-v3/0c44253f-c4a3-4340-9d37-d41e42b9d14a/35fdd071-47b5-4c2c-b363-2350e3489108/300x300.jpg
Bio,5d344afe-d72c-4805-bf00-3be58379d562,MPX_3858900,Lait Demi-Écrémé Bio 1 Litre Lactel,1.89,1.89,"['Bio', 'Crèmerie bio', 'Lait bio']",LACTEL,True,False,false,6.0,DAY,1L,['Produit végétarien'],https://courses.monoprix.fr/images-v3/0c44253f-c4a3-4340-9d37-d41e42b9d14a/adf7e8f7-bee2-416f-a719-b9c971be8641/300x300.jpg
Bio,75a482c4-6153-4247-a602-3538b59db484,MPX_4079136,Charles & Alice Bio Pommes & Châtaigne 4x95g,2.99,7.87,"['Produits Laitiers, Œufs et Fromages', 'Desserts', 'Compotes fraîches']",Charles & Alice,True,False,false,1.0,MONTH,380g,[],https://courses.monoprix.fr/images-v3/0c44253f-c4a3-4340-9d37-d41e42b9d14a/9d078dbf-40e9-42ef-ab13-6090cc6d95b3/300x300.jpg
Bio,8197b0e6-f86d-4650-8cb5-6212d35f7a7e,MPX_2173030,Monoprix Bio Bûche de chèvre 180g,3.79,21.06,"['Bio', 'Crèmerie bio', 'Fromage bio']",Monoprix Bio,True,False,false,2.0,WEEK,180g,['Produit bio'],https://courses.monoprix.fr/images-v3/0c44253f-c4a3-4340-9d37-d41e42b9d14a/69f7d989-805d-4403-aeeb-8c6183f19195/300x300.jpg
Bio,97b7843d-126d-4f34-90fe-38ef0df625aa,MPX_4029338,Monoprix Bio Mélange 5 Légumes Surgelés 600G,3.95,6.58,"['Surgelés', 'Légumes surgelés', 'Légumes surgelés bio']",Monoprix Bio,True,False,false,6.0,MONTH,600g,"['Produit congelé', 'Produit bio']",https://courses.monoprix.fr/images-v3/0c44253f-c4a3-4340-9d37-d41e42b9d14a/89b51a8d-d340-4496-a11b-03d3fcd62b14/300x300.jpg
Bio,7b6dc051-ffa9-4b5c-825f-6aa46ddf17a4,MPX_2480924,"Bjorg Muesli Avoine Chocolat, Bio 375G",4.19,11.17,"['Epicerie Sucrée', 'Céréale et Barre', 'Céréale et Barre bio']",Bjorg,True,False,false,1.0,MONTH,375g,[],https://courses.monoprix.fr/images-v3/0c44253f-c4a3-4340-9d37-d41e42b9d14a/f06193dc-7d9d-428f-8b4c-aaded11925d5/300x300.jpg
Bio,788e11bc-ffb9-49e5-9438-8cade1b300fc,MPX_3623313,Monoprix Je Suis Verts Sac Poubelle 50L x10,2.39,0.24,"['Bio', 'Entretien écologique', 'Accessoire ménager écologique']",Monoprix,True,False,false,,,10 par pack,[],https://courses.monoprix.fr/images-v3/0c44253f-c4a3-4340-9d37-d41e42b9d14a/bebc17a8-1b46-4575-8ef5-f1a6f9ca103c/300x300.jpg
Bio,edd978db-8bf1-48bb-8dc8-c9c7ab297ba0,MPX_3753743,Darégal ail bio 75g,3.79,50.53,"['Surgelés', 'Légumes surgelés', 'Légumes surgelés bio']",Darégal,True,False,false,1.0,YEAR,75g,"['Produit congelé', 'Produit bio']",https://courses.monoprix.fr/images-v3/0c44253f-c4a3-4340-9d37-d41e42b9d14a/741a7c4c-7fa7-4c3e-a1c3-61b161073d50/300x300.jpg
Bio,790bf08b-56ed-43d4-ab70-9007669c0eee,MPX_3221706,Monoprix Bébé BIO Maxi rectangles cotons x60,2.15,2.15,"['Bébé', 'Bébé bio', 'Couche écologique et Soin bio', 'Soin bio']",Monoprix bébé,True,False,false,,,,['Produit bio'],https://courses.monoprix.fr/images-v3/0c44253f-c4a3-4340-9d37-d41e42b9d14a/55691302-2c2c-42ee-a048-803b8a26ea4e/300x300.jpg
Bio,cc1ab72a-bba5-4bcd-b02d-f0b2033a574f,MPX_812137,Lactel Bio Lait Demi-Écrémé Bio 6x50cl,7.45,2.48,"['Bio', 'Crèmerie bio', 'Lait bio']",Lactel bio,True,False,false,4.0,WEEK,6 x 50cl,['Produit bio'],https://courses.monoprix.fr/images-v3/0c44253f-c4a3-4340-9d37-d41e42b9d14a/8fec0ed4-3c0b-4011-bf46-5101a2cdcbdb/300x300.jpg
Bio,9158a74a-350d-4dbd-a13a-78391e69fc73,MPX_3379734,Monoprix Bio Crème Fraîche Epaisse 30% de matières grasses 50cl,2.99,5.98,"['Bio', 'Crèmerie bio', 'Crème bio']",Monoprix Bio,True,False,false,1.0,WEEK,500ml,['Produit bio'],https://courses.monoprix.fr/images-v3/0c44253f-c4a3-4340-9d37-d41e42b9d14a/c123e20e-7bd4-466e-9e69-e0c9a11c933e/300x300.jpg
Bio,2fe6f2f7-7df0-4cab-a5dd-09bf98fc6f04,MPX_2862524,Monoprix Bio Yaourt à la Grecque 2x150g,1.99,6.63,"['Bio', 'Crèmerie bio', 'Yaourt bio']",Monoprix Bio,True,False,false,1.0,WEEK,2 x 150g,['Produit bio'],https://courses.monoprix.fr/images-v3/0c44253f-c4a3-4340-9d37-d41e42b9d14a/91552087-dd89-45f7-bc2d-c1bb0922265d/300x300.jpg
Bio,3c48725e-df2b-407e-b1ba-4909f6c35050,MPX_3549281,Jardin Bio Coulis de Tomate 3 x 200g,3.69,6.15,"['Bio', 'Epicerie salée bio', 'Sauce et Condiment bio']",Jardin Bio,True,False,false,6.0,MONTH,600g,['Produit bio'],https://courses.monoprix.fr/images-v3/0c44253f-c4a3-4340-9d37-d41e42b9d14a/1ded7164-34e2-41da-a1dc-da4115a1e70a/300x300.jpg
Bio,aa4cec0e-5418-4b4b-b6df-4dea85e5006f,MPX_56589,Bjorg Boisson Végétale Soja Vanille Bio 1L,3.19,3.19,"['Bio', 'Boisson et Cave bio', 'Boisson végétale bio']",Bjorg,True,False,false,2.0,MONTH,1L,['Produit bio'],https://courses.monoprix.fr/images-v3/0c44253f-c4a3-4340-9d37-d41e42b9d14a/84655012-eb4b-4d7e-907a-0b954ab972dd/300x300.jpg
Bio,2b8dce49-3f9d-4075-80a7-9984059c79c7,MPX_3765750,Elle & Vire Crème Epaisse Légère Bio 328g,2.29,6.98,"['Bio', 'Crèmerie bio', 'Crème bio']",Elle & Vire,True,False,false,2.0,WEEK,328g,['Produit bio'],https://courses.monoprix.fr/images-v3/0c44253f-c4a3-4340-9d37-d41e42b9d14a/415f8cc8-323b-47bb-8d9c-5742bd5cdd13/300x300.jpg
Bio,791e4137-cc17-403c-9e21-a9aa6538a7b0,MPX_2366453,Monoprix Bio Compote Pomme Châtaigne 4x100g,3.19,7.98,"['Nos sélections', 'Inspiration du moment', '& Frigo vide', 'Desserts et Yaourts']",Monoprix Bio,True,False,false,4.0,WEEK,400g,['Produit bio'],https://courses.monoprix.fr/images-v3/0c44253f-c4a3-4340-9d37-d41e42b9d14a/d37558f8-73de-4d87-a317-e7fb600c8720/300x300.jpg
Bio,c38b53a2-518c-4c34-a39e-be1716542291,MPX_4004576,Sassy Jus de Pomme le Pétillant Bio 33cl,2.49,7.55,"['Bio', 'Boisson et Cave bio', 'Jus bio']",MAISON SASSY,True,False,false,2.0,MONTH,330ml,['Produit bio'],https://courses.monoprix.fr/images-v3/0c44253f-c4a3-4340-9d37-d41e42b9d14a/aa2324ec-2902-4478-b343-06bef555a882/300x300.jpg
Bio,1d172282-6dd8-496c-ae1c-554a38899dbc,MPX_2023130,Monoprix Bio Comté au lait cru 200g,5.19,25.95,"['Bio', 'Crèmerie bio', 'Fromage bio']",Monoprix Bio,True,False,false,1.0,WEEK,200g,[],https://courses.monoprix.fr/images-v3/0c44253f-c4a3-4340-9d37-d41e42b9d14a/77232f42-94c2-4d46-9beb-615562f99263/300x300.jpg
Bio,775c1ed6-4285-4ba0-87b8-7b87bafc16c8,MPX_3266753,Monoprix Bio Barquettes Saveur Fraise 120G,2.09,17.42,"['Nos sélections', 'Boutique Enfants', 'Pour le goûter de vos enfants', 'Biscuit et Goûter']",Monoprix Bio,True,False,false,2.0,MONTH,120g,['Produit bio'],https://courses.monoprix.fr/images-v3/0c44253f-c4a3-4340-9d37-d41e42b9d14a/01f75bd6-cba3-4bf9-b9ab-9b3d05e31b6d/300x300.jpg
Bio,34e34e4e-e836-4ebc-874c-5d2f071dada8,MPX_2638630,Monoprix Bio purée de pomme pêche mangue sans sucres bio 4x100g,2.95,7.38,"['Nos sélections', 'Inspiration du moment', '& Frigo vide', 'Desserts et Yaourts']",Monoprix Bio,True,False,false,1.0,MONTH,400g,['Produit bio'],https://courses.monoprix.fr/images-v3/0c44253f-c4a3-4340-9d37-d41e42b9d14a/ff3e7ad1-d93a-4108-ac73-182ec2dc2aea/300x300.jpg
Bio,514cd208-e156-49a0-9913-07511c6bdcdd,MPX_4029342,Monoprix Bio Poelée 5 Légumes 600g,3.95,6.58,"['Surgelés', 'Légumes surgelés', 'Légumes surgelés bio']",Monoprix Bio,True,False,false,6.0,MONTH,600g,"['Produit congelé', 'Produit bio']",https://courses.monoprix.fr/images-v3/0c44253f-c4a3-4340-9d37-d41e42b9d14a/cc290da1-1067-4285-8d10-857771c0d537/300x300.jpg
Bio,7f0f6a96-64fd-4740-91e9-32ac914d2869,MPX_3623311,Monoprix Je Suis Vert Sacs poubelle éco-responsables 30L X20,2.39,0.12,"['Bio', 'Entretien écologique', 'Accessoire ménager écologique']",MONOP PROD. VERTS,True,False,false,,,20 par pack,[],https://courses.monoprix.fr/images-v3/0c44253f-c4a3-4340-9d37-d41e42b9d14a/98eac047-513e-4e67-91ba-a674481e542d/300x300.jpg
Bio,1e32e081-a560-44d7-911b-82712a03457c,MPX_3671686,Daddy Sucre De Canne Bio 750G,3.89,5.19,"['Bio', 'Epicerie sucrée bio', 'Sucre bio']",Daddy,True,False,false,,,750g,['Produit bio'],https://courses.monoprix.fr/images-v3/0c44253f-c4a3-4340-9d37-d41e42b9d14a/b8d42200-5ebb-41e2-a37a-a9bd56cc7eb7/300x300.jpg
Bio,7038c4f2-f2ef-4f4d-9ddd-daad6d94c556,MPX_3317079,Lactel Kéfir Lait Fermenté Immunité Et Digestion 50cl,2.35,4.7,"['Bio', 'Crèmerie bio', 'Lait bio']",Lactel,True,False,false,1.0,WEEK,500ml,[],https://courses.monoprix.fr/images-v3/0c44253f-c4a3-4340-9d37-d41e42b9d14a/1800bc12-735c-4ce6-9dc4-e85fafe14dd6/300x300.jpg
Bio,74ef0ca2-3515-4b60-974f-7feeb0cddfb2,MPX_2535514,"Céréal Bio Blé, riz rouge, quinoa au naturel, bio 220g",3.35,15.23,"['Epicerie Salée', 'Pâte, Riz, Céréale et Purée', 'Pâte, Riz, Purée et Légume sec bio']",Céréal bio,True,False,false,2.0,MONTH,220g,"['Produit vegan', 'Produit bio']",https://courses.monoprix.fr/images-v3/0c44253f-c4a3-4340-9d37-d41e42b9d14a/0f04dd2c-0804-41d8-9716-aa219baff1e7/300x300.jpg
Bio,e0ec460a-25b4-4246-9762-70c808b7c956,MPX_3366155,La Boulangère pain de mie complet bio 280g,2.29,8.18,"['Bio', 'Pain et Galette de riz bio', 'Pain et Biscotte bio']",La Boulangère,True,False,false,5.0,DAY,280g,['Produit bio'],https://courses.monoprix.fr/images-v3/0c44253f-c4a3-4340-9d37-d41e42b9d14a/4fb1257c-e6ab-4dc4-8db5-585e35fdec40/300x300.jpg
Bio,0fd12241-8134-485d-8111-7dd04b629eb6,MPX_3823182,Marguerite - Lait Frais Entier Bio,2.55,2.55,"['Bio', 'Crèmerie bio', 'Lait bio']",Marguerite,True,False,false,6.0,DAY,1L,"['Produit végétarien', 'Produit bio']",https://courses.monoprix.fr/images-v3/0c44253f-c4a3-4340-9d37-d41e42b9d14a/e9a808f3-7a24-4467-b399-7038e2eb0b7b/300x300.jpg
Bio,9006b87b-6b74-42fb-a7e7-4b45f11cd8fc,MPX_4656126,Monoprix Bio Poêlée légumes grillées 600g,4.25,7.08,"['Surgelés', 'Légumes surgelés', 'Légumes surgelés bio']",Monoprix Bio,True,False,false,6.0,MONTH,600g,"['Produit congelé', 'Produit bio']",https://courses.monoprix.fr/images-v3/0c44253f-c4a3-4340-9d37-d41e42b9d14a/96624693-40db-465a-81fc-48d2947db0ed/300x300.jpg
Bio,7ef07b59-52f6-4f58-a0eb-1efe5559afc7,MPX_2076295,Myrtille Bio 125g,3.99,31.92,"['Bio', 'Fruit et Légume bio', 'Fruit frais bio']",Bio,True,False,false,2.0,DAY,125g,['Produit bio'],https://courses.monoprix.fr/images-v3/0c44253f-c4a3-4340-9d37-d41e42b9d14a/e12fae04-bcbe-4af9-94b5-cc51d73ef766/300x300.jpg
Bio,567eb6b6-f8b6-47c5-a6d0-167979a0da0f,MPX_2152263,Vrai Fromage Blanc Au Lait De Brebis Bio 400g,2.75,6.88,"['Bio', 'Crèmerie bio', 'Yaourt bio']",Vrai,True,False,false,1.0,WEEK,400g,['Produit bio'],https://courses.monoprix.fr/images-v3/0c44253f-c4a3-4340-9d37-d41e42b9d14a/c5bad619-c406-4c63-9fa5-95963afad110/300x300.jpg
Bio,26496778-7dba-4634-9999-38aed130d3a1,MPX_2588012,Monoprix Bio Parmigiano Reggiano râpé bio AOP 50g,2.15,43.0,"['Produits du monde', 'Italie - Italia', 'Mozzarella, Parmesan, Burrata et Ricotta']",Monoprix Bio,True,False,false,2.0,WEEK,50g,['Produit bio'],https://courses.monoprix.fr/images-v3/0c44253f-c4a3-4340-9d37-d41e42b9d14a/17a313aa-84fe-403d-819e-58fa34ae5fc8/300x300.jpg
Bio,a0df24f8-8ab6-49e4-bf4e-abf98b7ea7fc,MPX_1172151,Monoprix Je Suis Vert Essuie-Tout Compact X2,2.65,1.33,"['Bio', 'Entretien écologique', 'Essuie tout et Papier toilette écologique']",Monoprix Je Suis Vert,True,False,false,,,2 par pack,[],https://courses.monoprix.fr/images-v3/0c44253f-c4a3-4340-9d37-d41e42b9d14a/46f045d0-ae84-42eb-9e46-bd928aa63a7e/300x300.jpg
Bio,a5c09f57-30d1-4488-bdce-13c1da3ff2c2,MPX_2998980,La Boulangère Brioche tranchée bio 400g,2.99,7.48,"['Bio', 'Pain et Galette de riz bio', 'Pain et Biscotte bio']",La Boulangère,True,False,false,1.0,WEEK,400g,['Produit bio'],https://courses.monoprix.fr/images-v3/0c44253f-c4a3-4340-9d37-d41e42b9d14a/9d518d8c-3703-4e9e-82d9-8d00b367a130/300x300.jpg
Bio,92c6c4c9-6ac0-48f5-9ae5-365bca8f5533,MPX_1891751,Monoprix Bio Yaourt nature pack 12 x 125g,3.49,2.33,"['Bio', 'Crèmerie bio', 'Yaourt bio']",Monoprix Bio,True,False,false,1.0,WEEK,12 x 125g,['Produit bio'],https://courses.monoprix.fr/images-v3/0c44253f-c4a3-4340-9d37-d41e42b9d14a/07496a0a-a4c0-4f93-ae5e-4b32a2b4fa79/300x300.jpg
Bio,aed8564d-2e1a-4359-8553-c9a608bc9bb9,MPX_888071,Oignon Jaune Bio 500G,2.99,5.98,"['Bio', 'Fruit et Légume bio', 'Légume frais bio']",Monoprix,True,False,false,1.0,WEEK,500g,['Produit bio'],https://courses.monoprix.fr/images-v3/0c44253f-c4a3-4340-9d37-d41e42b9d14a/7c4f23c7-fe88-4de5-8cf3-5129fa0d99fc/300x300.jpg
Bio,ffbce859-7000-4d2e-a8b5-29b17357cd3b,MPX_1467545,La Boulangère Pain de mie complet Bio 500g,2.69,5.38,"['Bio', 'Pain et Galette de riz bio', 'Pain et Biscotte bio']",La Boulangère,True,False,false,5.0,DAY,500g,['Produit bio'],https://courses.monoprix.fr/images-v3/0c44253f-c4a3-4340-9d37-d41e42b9d14a/423007f6-b752-4888-9fc8-556b3caeae90/300x300.jpg
Bio,9e6d69f3-0c93-44b6-9e92-2de98febd99c,MPX_576724,Monoprix Bio Origines Filets De Poulet Fermier X2 300G,10.27,36.69,"['Bio', 'Boucherie et Volaille bio', 'Volaille bio']",Monoprix Bio Origines,True,False,false,3.0,DAY,280,['Produit bio'],https://courses.monoprix.fr/images-v3/0c44253f-c4a3-4340-9d37-d41e42b9d14a/0d5aa3d2-aeda-4d52-85c8-394bcdc8a91e/300x300.jpg
Bio,2a3c74e0-1dff-4c10-9371-647dc16dc625,MPX_1878528,Monoprix Bio Riz Basmati 500G,2.49,4.98,"['Epicerie Salée', 'Pâte, Riz, Céréale et Purée', 'Pâte, Riz, Purée et Légume sec bio']",Monoprix Bio,True,False,false,6.0,MONTH,500g,['Produit bio'],https://courses.monoprix.fr/images-v3/0c44253f-c4a3-4340-9d37-d41e42b9d14a/5bae1e73-3081-4280-93cb-fc6d0bedad60/300x300.jpg
Bio,721ddfd9-2778-45b8-ac10-0cc805debaa1,MPX_1111606,Monoprix Bio beurre moule doux 250g,3.59,14.36,"['Bio', 'Crèmerie bio', 'Beurre bio']",Monoprix Bio,True,False,false,2.0,WEEK,250g,['Produit bio'],https://courses.monoprix.fr/images-v3/0c44253f-c4a3-4340-9d37-d41e42b9d14a/47709539-751a-495a-abc5-8245d5085808/300x300.jpg
Bio,fcdaa967-51d3-454f-9dac-a35de2f925ed,MPX_798168,Bjorg Boisson soja nature sans sucres Bio 1L,1.95,1.95,"['Bio', 'Boisson et Cave bio', 'Boisson végétale bio']",Bjorg,True,False,false,1.0,MONTH,1L,['Produit bio'],https://courses.monoprix.fr/images-v3/0c44253f-c4a3-4340-9d37-d41e42b9d14a/7f76a102-c870-422a-a42b-2d3de8d81c75/300x300.jpg
Bio,365aba98-37b9-4853-8bdc-039ef2f8a5a9,MPX_2247192,Monoprix bio boeuf bio hachée 5% 350g,7.79,22.26,"['Bio', 'Boucherie et Volaille bio', 'Boucherie bio']",Monoprix Bio,True,False,false,2.0,DAY,350g,[],https://courses.monoprix.fr/images-v3/0c44253f-c4a3-4340-9d37-d41e42b9d14a/80942a30-a531-4e64-97b8-052592dccc48/300x300.jpg
Bio,8d0739a8-9d27-4169-b9d0-f8abf9928a07,MPX_2383469,Les 2 Vaches Crème Dessert Chocolat Bio 4x95g,2.19,5.76,"['Bio', 'Crèmerie bio', 'Yaourt bio']",Les 2 vaches,True,False,false,1.0,WEEK,4 x 95g,['Produit bio'],https://courses.monoprix.fr/images-v3/0c44253f-c4a3-4340-9d37-d41e42b9d14a/40110804-f79b-488a-a79b-9c9e63ef87c8/300x300.jpg
Bio,90eb904f-9f7f-4cdc-864e-7483fe5bdb3d,MPX_1758674,Poivrons Mixte Bio 500g,3.49,6.98,"['Bio', 'Fruit et Légume bio', 'Légume frais bio']",-,True,False,false,2.0,DAY,500g,['Produit bio'],https://courses.monoprix.fr/images-v3/0c44253f-c4a3-4340-9d37-d41e42b9d14a/5cd4ef34-685c-4ce2-b52c-53931b2cbbde/300x300.jpg
Bio,377d5264-f0df-4e4a-9927-b8b2632dd064,MPX_2120323,Monoprix Bio Yaourt aromatisé vanille 4x125g,1.69,3.38,"['Bio', 'Crèmerie bio', 'Yaourt bio']",Monoprix Bio,True,False,false,1.0,WEEK,4 x 125g,['Produit bio'],https://courses.monoprix.fr/images-v3/0c44253f-c4a3-4340-9d37-d41e42b9d14a/0de3053b-904a-4a9b-8d08-6e13c5c3fd85/300x300.jpg
Bio,169a0c7d-c730-4297-be99-8964a1f501ad,MPX_881216,Monoprix Bio Yaourt nature au lait entier bio 4X125g,1.25,2.5,"['Bio', 'Crèmerie bio', 'Yaourt bio']",Monoprix Bio,True,False,false,1.0,WEEK,4 x 125g,['Produit bio'],https://courses.monoprix.fr/images-v3/0c44253f-c4a3-4340-9d37-d41e42b9d14a/6982d80e-39ef-436f-9be0-d0b3dc9623b4/300x300.jpg
Bio,250fcd18-29d2-4a4d-83c3-550e2d830eee,MPX_1625707,Monoprix Bio Tagliatelles aux oeufs bio 250g,1.45,5.8,"['Mes marques Monoprix', 'Monoprix Bio', 'Produits Frais', 'Traiteur']",Monoprix Bio,True,False,false,1.0,WEEK,250g,['Produit bio'],https://courses.monoprix.fr/images-v3/0c44253f-c4a3-4340-9d37-d41e42b9d14a/a16f5e24-7986-424c-80fa-96501f2d7251/300x300.jpg
Bio,457289b8-7b92-4159-902d-d1fd835baa65,MPX_75619,Monoprix Steaks Hachés Pur Bœuf Bio 2X125G,4.69,18.76,"['Bio', 'Boucherie et Volaille bio', 'Boucherie bio']",Monoprix Bio,True,False,false,2.0,DAY,250g,['Produit bio'],https://courses.monoprix.fr/images-v3/0c44253f-c4a3-4340-9d37-d41e42b9d14a/bc915a35-974f-47e8-9665-045e44342778/300x300.jpg
Bio,caf73bde-f3d3-4147-bb68-fb0d3227e31a,MPX_3179701,C'Est Qui Le Patron?! Beurre Doux Bio 250G,2.94,11.76,"['Bio', 'Crèmerie bio', 'Beurre bio']",C'Est Qui Le Patron?!,True,False,false,3.0,WEEK,250g,['Produit bio'],https://courses.monoprix.fr/images-v3/0c44253f-c4a3-4340-9d37-d41e42b9d14a/107fd9a1-e55a-46e9-8141-775b4c5ffa88/300x300.jpg
Bio,8c254cf1-7149-4f4f-8c7c-9073d6a529e5,MPX_890807,Monoprix Bio Pâte Feuilletée Bio 250g,2.45,9.8,"['Mes marques Monoprix', 'Monoprix Bio', 'Produits Frais', 'Traiteur']",Monoprix Bio,True,False,false,1.0,WEEK,250g,['Produit bio'],https://courses.monoprix.fr/images-v3/0c44253f-c4a3-4340-9d37-d41e42b9d14a/0ebaa7d3-b5f3-4636-9e69-85a8e3df038d/300x300.jpg
Bio,4158d74c-1b93-40c7-8512-4aa253b27a6a,MPX_2153991,Pomme Juliet Bio x4 Catégorie 2,3.49,0.87,"['Bio', 'Fruit et Légume bio', 'Fruit frais bio']",-,True,False,false,3.0,DAY,4 par pack,['Produit bio'],https://courses.monoprix.fr/images-v3/0c44253f-c4a3-4340-9d37-d41e42b9d14a/92f04dfb-e4f0-4e0c-b6c4-0cd4d1b5a711/300x300.jpg
Bio,221e0f34-b519-431b-9744-247aa8a35b69,MPX_2092469,Les Fermiers de Loué Œufs Bio Calibre Moyen x10,6.59,0.66,"['Bio', 'Crèmerie bio', 'Œuf bio']",LOUE,True,False,false,1.0,WEEK,10 par pack,['Produit bio'],https://courses.monoprix.fr/images-v3/0c44253f-c4a3-4340-9d37-d41e42b9d14a/10a9a442-be74-40e0-8be0-2af427efac5b/300x300.jpg
Bio,1bc72e67-d63f-4455-86b2-9ed465a9034a,MPX_2725167,Bjorg Boisson Avoine Bio 1L,2.95,2.95,"['Bio', 'Boisson et Cave bio', 'Boisson végétale bio']",Bjorg,True,False,false,1.0,MONTH,1L,['Produit bio'],https://courses.monoprix.fr/images-v3/0c44253f-c4a3-4340-9d37-d41e42b9d14a/f477fd1d-428b-4104-895b-4efc8d3d5565/300x300.jpg
Bio,b8fe1177-17e8-4731-887e-9fbadbcd1999,MPX_1739796,Monoprix Bio Petit Beurre au chocolat noir 150g,1.99,13.27,"['Nos sélections', 'Boutique Enfants', 'Pour le goûter de vos enfants', 'Biscuit et Goûter']",Monoprix Bio,True,False,false,2.0,MONTH,150g,['Produit bio'],https://courses.monoprix.fr/images-v3/0c44253f-c4a3-4340-9d37-d41e42b9d14a/b52af601-e1be-43f5-b791-8a9a6485f489/300x300.jpg
Bio,585768ea-c2d0-42e5-a341-907fc23a0cc5,MPX_2005639,Monoprix Bio Mâche sachet de 125g,2.49,19.92,"['Bio', 'Fruit et Légume bio', 'Légume frais bio']",Monoprix Bio,True,False,false,2.0,DAY,125g,['Produit bio'],https://courses.monoprix.fr/images-v3/0c44253f-c4a3-4340-9d37-d41e42b9d14a/5b21afa4-b74e-4540-972e-811b5ecca195/300x300.jpg
Bio,0ddf3d65-4c08-4082-9e8d-037de45b5c75,MPX_3032695,Carapelli Huile D'Olive Vierge Extra Bio Classique 750Ml,12.9,17.2,"['Epicerie Salée', 'Assaisonnement et Condiment', 'Huile', ""Huile d'olive""]",Carapelli,True,False,false,2.0,MONTH,750ml,"['Produit halal', 'Produit vegan', 'Produit bio', 'Produit casher']",https://courses.monoprix.fr/images-v3/0c44253f-c4a3-4340-9d37-d41e42b9d14a/c37325e7-e2f3-4acc-8a71-af930412954b/300x300.jpg
Bio,affdd363-2057-4699-a5ce-120bac5465ba,MPX_1860207,Monoprix Bio Haricots Vert très fins 600g,1.85,3.08,"['Surgelés', 'Légumes surgelés', 'Légumes surgelés bio']",Monoprix Bio,True,False,false,2.0,MONTH,600g,"['Produit congelé', 'Produit bio']",https://courses.monoprix.fr/images-v3/0c44253f-c4a3-4340-9d37-d41e42b9d14a/0f9e17b7-fa33-47fe-953c-009b45640e76/300x300.jpg
Bio,b8f7e4b8-484c-4344-b170-19ee5052e3f3,MPX_583635,Monoprix Bio Chair de Tomates Nature 400g,2.39,5.98,"['Bio', 'Epicerie salée bio', 'Conserve bio']",Monoprix Bio,True,False,false,1.0,YEAR,400g,['Produit bio'],https://courses.monoprix.fr/images-v3/0c44253f-c4a3-4340-9d37-d41e42b9d14a/843e2a2e-745a-4acd-b365-7b1ad74a3845/300x300.jpg
Bio,161ec950-1339-47b3-bd75-0b3679fef2b8,MPX_3329312,Monoprix Bio Emmental Râpé 200g,3.59,17.95,"['Bio', 'Crèmerie bio', 'Fromage bio']",Monoprix Bio,True,False,false,2.0,WEEK,200g,['Produit bio'],https://courses.monoprix.fr/images-v3/0c44253f-c4a3-4340-9d37-d41e42b9d14a/daafe47f-a003-4dc2-bf43-636ccbecdd81/300x300.jpg
Bio,05ed4ff1-ac08-4989-9a59-77f0886b290c,MPX_898676,Monoprix Bio Emmental râpé bio 100g,2.09,20.9,"['Bio', 'Crèmerie bio', 'Fromage bio']",Monoprix Bio,True,False,false,2.0,WEEK,100g,['Produit bio'],https://courses.monoprix.fr/images-v3/0c44253f-c4a3-4340-9d37-d41e42b9d14a/7931b058-8b97-4683-be68-395bea99d348/300x300.jpg
Bio,171c869c-a964-48a0-9a15-0ff665eea29b,MPX_3209670,Monoprix Bio Houmous à l'huile d'olive vierge extra bio 180g,3.79,21.06,"['Produits du monde', 'Oriental', 'Sauce, base culinaire et condiments']",Monoprix Bio,True,False,false,1.0,WEEK,180g,['Produit bio'],https://courses.monoprix.fr/images-v3/0c44253f-c4a3-4340-9d37-d41e42b9d14a/83b6b4b8-05d7-48ec-875a-a602480975fb/300x300.jpg
Bio,5b7417f5-c381-40ef-a12f-e6343991c7f3,MPX_1818135,Monoprix Bio Sauce tomates basilic sans sucres ajoutés bio 200g,1.69,8.45,"['Nos sélections', 'Boutique Enfants', 'Repas facile pour les enfants', 'Repas']",Monoprix Bio,True,False,false,1.0,YEAR,200g,['Produit bio'],https://courses.monoprix.fr/images-v3/0c44253f-c4a3-4340-9d37-d41e42b9d14a/08d3856c-2779-4c7d-b2f7-5afaf0dfc09e/300x300.jpg
Bio,9928bab9-674f-4829-8e1f-526b1b82b7c5,MPX_812129,Lactel Lait Demi-Écrémé Bio 6x1L,10.5,1.75,"['Bio', 'Crèmerie bio', 'Lait bio']",Lactel,True,False,false,4.0,WEEK,6 x 1L,['Produit bio'],https://courses.monoprix.fr/images-v3/0c44253f-c4a3-4340-9d37-d41e42b9d14a/c8e0db1e-1d72-4fe2-8fc9-3f696ea230a0/300x300.jpg
Bio,b73d781c-da59-4b5d-80cc-325779dbdb98,MPX_3511144,Lotus Lotus Coton Tige Bio x160,1.75,0.01,"['Bio', 'Beauté bio', 'Coton bio']",LOTUS,True,False,false,,,160 par pack,[],https://courses.monoprix.fr/images-v3/0c44253f-c4a3-4340-9d37-d41e42b9d14a/3e22eac7-cbd6-47e0-9bff-e8b38804f43a/300x300.jpg
Bio,220d64df-dabf-4b60-b4bd-879c5e52a98f,MPX_2292203,Monoprix Bio Cotons Disques Duo X70,1.27,1.27,"['Bio', 'Beauté bio', 'Coton bio']",Monoprix Bio,True,False,false,,,,['Produit bio'],https://courses.monoprix.fr/images-v3/0c44253f-c4a3-4340-9d37-d41e42b9d14a/cc206ef2-09e4-4280-a540-39cb871d8706/300x300.jpg
Bio,9b2e17a7-bb81-488d-a8a1-71b36c389e9e,MPX_890806,Monoprix Bio Pâte Brisée Bio 250G,2.45,9.8,"['Mes marques Monoprix', 'Monoprix Bio', 'Produits Frais', 'Traiteur']",Monoprix Bio,True,False,false,1.0,WEEK,250g,['Produit bio'],https://courses.monoprix.fr/images-v3/0c44253f-c4a3-4340-9d37-d41e42b9d14a/6f8f79c6-bbf9-45f0-afe8-653843df939a/300x300.jpg
Bio,51a050c9-1be5-4c7a-a399-1a547942121c,MPX_3418086,Les 2 Vaches Petits Suisses Aux Fruits Bio 6x50g,2.75,9.17,"['Bio', 'Crèmerie bio', 'Yaourt bio']",Les 2 vaches,True,False,false,1.0,WEEK,6 x 50g,['Produit bio'],https://courses.monoprix.fr/images-v3/0c44253f-c4a3-4340-9d37-d41e42b9d14a/a80ceb2e-3553-478d-a291-236aaea67a09/300x300.jpg
Bio,e38ec89d-1de0-4b71-816c-4f9d6e752431,MPX_3177903,Monoprix Bio pavés de Saumon avec peau 200g,9.59,47.95,"['Nos sélections', 'Inspiration du moment', '& Frigo vide', 'Surgelés']",Monoprix Bio,True,False,false,6.0,MONTH,200g,"['Produit congelé', 'Produit bio']",https://courses.monoprix.fr/images-v3/0c44253f-c4a3-4340-9d37-d41e42b9d14a/e41b503c-c5ce-4c62-badf-394bfbd9d694/300x300.jpg
Bio,0902ed5e-a9de-40a9-aa73-5497880e98a6,MPX_3789033,Kara Lait De Coco Bio 200Ml,1.89,9.45,"['Produits du monde', 'Asie 亚洲', 'Lait et Crème de coco']",Kara,True,False,false,1.0,MONTH,200ml,['Produit bio'],https://courses.monoprix.fr/images-v3/0c44253f-c4a3-4340-9d37-d41e42b9d14a/6bbdae5d-40d9-41f8-a6fa-dcedd2ca14e6/300x300.jpg
Bio,67ac1a50-6954-42c4-857b-09287d1b172b,MPX_3268984,Mutti Parma Tomates Pelées 100% Bio 400G,1.75,4.38,"['Bio', 'Epicerie salée bio', 'Conserve bio']",Mutti,True,False,false,1.0,YEAR,400g,"['Produit végétarien', 'Produit vegan', 'Produit bio']",https://courses.monoprix.fr/images-v3/0c44253f-c4a3-4340-9d37-d41e42b9d14a/e6ac3f2e-05d8-49fd-bb72-593c3d7d9e03/300x300.jpg
Bio,970ef867-aca4-456b-8a5c-89a26229d7bd,MPX_4123767,Fleury Michon Jambon Simplement Bio X4,5.45,45.42,"['Charcuterie et Traiteur', 'Charcuterie', 'Jambon blanc']",Fleury Michon,True,False,false,1.0,WEEK,120g,['Produit bio'],https://courses.monoprix.fr/images-v3/0c44253f-c4a3-4340-9d37-d41e42b9d14a/40596449-fc4d-4bb9-8fbe-82aaf64d8a47/300x300.jpg
Bio,37300ad7-b82c-45ad-976d-194dc5bca467,MPX_3648534,Monoprix Bio Farine De Blé Type 65 1Kg,1.69,1.69,"['Bio', 'Epicerie sucrée bio', 'Farine bio']",Monoprix Bio,True,False,false,2.0,MONTH,1kg,['Produit bio'],https://courses.monoprix.fr/images-v3/0c44253f-c4a3-4340-9d37-d41e42b9d14a/8ee00475-5430-49c0-9286-95ba3e1fba72/300x300.jpg
Bio,a4aad8bc-7389-43d6-9eeb-f067b072581d,MPX_1245238,"Monoprix Bio Fromage Blanc 3,2% 4x100g",2.05,5.13,"['Bio', 'Crèmerie bio', 'Yaourt bio']",Monoprix Bio,True,False,false,1.0,WEEK,4 x 100g,['Produit bio'],https://courses.monoprix.fr/images-v3/0c44253f-c4a3-4340-9d37-d41e42b9d14a/a12dfc7a-c301-4672-937a-f0aeb8a43f1d/300x300.jpg
Bio,12997670-ce56-4e17-8066-e72293412b58,MPX_1180336,Monoprix Bio Jambon Supérieur 160G X4,6.15,38.44,"['Charcuterie et Traiteur', 'Charcuterie', 'Jambon blanc']",Monoprix Bio,True,False,false,1.0,WEEK,160g,['Produit bio'],https://courses.monoprix.fr/images-v3/0c44253f-c4a3-4340-9d37-d41e42b9d14a/c820cc0e-5f6d-464d-b758-5ebc637cdc8e/300x300.jpg
Bio,55464b4e-70b7-40fc-8bb0-41376821c5b4,MPX_3254949,Petti Concentré De Tomate Bio 130G,2.25,17.31,"['Epicerie Salée', 'Sauce et Base culinaire', 'Concentré, Coulis et Purée']",Petti,True,False,false,6.0,MONTH,130g,['Produit bio'],https://courses.monoprix.fr/images-v3/0c44253f-c4a3-4340-9d37-d41e42b9d14a/bdd93830-28ed-4393-95c6-0b811f76cf9e/300x300.jpg
Bio,7a24b49b-9e1c-449e-8d8f-7c7beb483c7d,MPX_1965478,Fermiers de loué Œufs gros Bio élevées en liberté x4,3.35,0.84,"['Bio', 'Crèmerie bio', 'Œuf bio']",fermier de loué,True,False,false,1.0,WEEK,4 par pack,['Produit bio'],https://courses.monoprix.fr/images-v3/0c44253f-c4a3-4340-9d37-d41e42b9d14a/56b4246c-fc43-4fcb-bb56-85f9eadfd559/300x300.jpg
Bio,664595f4-8419-4a25-adef-9c8358d26007,MPX_1848052,Monoprix Bio Chocolat noir dégustation 74% de cacao 100g,1.99,19.9,"['Nos recettes', 'Recettes Sucrées', ""& Nids d'oiseaux chocolat et amandes""]",Monoprix Bio,True,False,false,6.0,MONTH,100g,"['Produit équitable', 'Produit bio']",https://courses.monoprix.fr/images-v3/0c44253f-c4a3-4340-9d37-d41e42b9d14a/b857727c-1808-40ff-a171-c548c0ade3ef/300x300.jpg
Bio,bf87fd34-e9f3-4a41-be01-7dca0583c612,MPX_3987630,Natoora Fenouil Bulbe CAT : I x1 tête,3.85,9.63,"['Bio', 'Fruit et Légume bio', 'Légume frais bio']",Natoora,True,False,false,4.0,DAY,400g,[],https://courses.monoprix.fr/images-v3/0c44253f-c4a3-4340-9d37-d41e42b9d14a/6c233aca-dc37-4a15-b6a4-96c98c032f0b/300x300.jpg
Bio,5335237e-48b0-4dfa-8796-e03106a25a59,MPX_2293799,Monoprix Bio Orange 1kg,3.29,3.29,"['Bio', 'Fruit et Légume bio', 'Fruit frais bio']",Monoprix Bio,True,False,false,3.0,DAY,1kg,['Produit bio'],https://courses.monoprix.fr/images-v3/0c44253f-c4a3-4340-9d37-d41e42b9d14a/2f93251e-cc7f-4334-afae-244cc49f1e1d/300x300.jpg
Bio,6d8172fe-fbaf-484a-a863-09980284d64a,MPX_197838,Monoprix Bio crème fraîche entière 30% 20cl,1.79,8.95,"['Bio', 'Crèmerie bio', 'Crème bio']",Monoprix Bio,True,False,false,1.0,WEEK,200ml,['Produit bio'],https://courses.monoprix.fr/images-v3/0c44253f-c4a3-4340-9d37-d41e42b9d14a/c29ecfb5-0903-495a-ae8d-b5074a746cd1/300x300.jpg
Bio,917d2544-8cc7-4fbc-a726-85343340721a,MPX_2726667,Vrai Yaourt Nature Bio 4x125g,1.69,3.38,"['Bio', 'Crèmerie bio', 'Yaourt bio']",Vrai,True,False,false,1.0,WEEK,4 x 125g,['Produit bio'],https://courses.monoprix.fr/images-v3/0c44253f-c4a3-4340-9d37-d41e42b9d14a/5b0d46b1-cd64-4395-96c9-491a57e5fea8/300x300.jpg
Bio,06a6c6f2-af55-4705-b1d0-514bee910c9a,MPX_2699947,Monoprix Bio Boisson à l'Avoine Sans Sucres Ajoutés 1L,2.69,2.69,"['Bio', 'Boisson et Cave bio', 'Boisson végétale bio']",Monoprix Bio,True,False,false,2.0,MONTH,1L,['Produit bio'],https://courses.monoprix.fr/images-v3/0c44253f-c4a3-4340-9d37-d41e42b9d14a/3562d637-a1ec-4e12-91ec-f7ea15ecdb98/300x300.jpg
Bio,14033af4-c5b9-47b4-8112-b10ddf02fbc7,MPX_2533159,Les 2 vaches Yaourt nature brassé bio 4x115g,1.69,3.67,"['Bio', 'Crèmerie bio', 'Yaourt bio']",Les 2 vaches,True,False,false,1.0,WEEK,4 x 115g,['Produit bio'],https://courses.monoprix.fr/images-v3/0c44253f-c4a3-4340-9d37-d41e42b9d14a/c3b15bdb-2fee-4df9-bbf7-c3d197741142/300x300.jpg
Bio,c2d3b0b6-52ff-4047-a1b4-07a02be0b75d,MPX_2687031,Monoprix Bio Flocons d'avoine céréales complètes 500g,2.15,4.3,"['Epicerie Sucrée', 'Céréale et Barre', 'Céréale et Barre bio']",Monoprix Bio,True,False,false,2.0,MONTH,500g,['Produit bio'],https://courses.monoprix.fr/images-v3/0c44253f-c4a3-4340-9d37-d41e42b9d14a/0825c9bf-8ff2-4089-9969-95050289f8f0/300x300.jpg
Bio,d3048ac9-068d-474c-9690-0006c46350d1,MPX_1044711,Monoprix Bio carottes râpées bio 200g,2.09,10.45,"['Charcuterie et Traiteur', 'Salade et Sandwich', 'Crudités']",Monoprix Bio,True,False,false,5.0,DAY,200g,['Produit bio'],https://courses.monoprix.fr/images-v3/0c44253f-c4a3-4340-9d37-d41e42b9d14a/c23ab2fc-0259-48e0-84ab-ad2ee9b211c3/300x300.jpg
Bio,99157b43-547b-4c88-935a-6c22d968dd03,MPX_2899577,Monoprix Bio Comté Râpé au Lait Cru 100g,2.65,26.5,"['Bio', 'Crèmerie bio', 'Fromage bio']",Monoprix Bio,True,False,false,2.0,WEEK,100g,['Produit bio'],https://courses.monoprix.fr/images-v3/0c44253f-c4a3-4340-9d37-d41e42b9d14a/5cea3d70-85c7-4190-9741-937c813924c2/300x300.jpg
Bio,b47f8860-c7d1-42c3-ba59-60449314292d,MPX_3660263,C'est Qui Le Patron Beurre Demi Sel Bio 250gr,3.17,12.68,"['Bio', 'Crèmerie bio', 'Beurre bio']",C'Est Qui Le Patron?!,True,False,false,3.0,WEEK,250g,['Produit bio'],https://courses.monoprix.fr/images-v3/0c44253f-c4a3-4340-9d37-d41e42b9d14a/cc1ec3f4-240a-43bf-bbec-8127b59e4fd8/300x300.jpg
Bio,1c2941c2-1ca3-4db3-b50f-b4eda6a9fb0b,MPX_2638809,Monoprix Bio Galettes De Riz Chocolat Noir 100G,1.99,19.9,"['Bio', 'Epicerie sucrée bio', 'Pain et Galette de riz bio', 'Galette de riz bio']",Monoprix Bio,True,False,false,2.0,MONTH,100g,['Produit bio'],https://courses.monoprix.fr/images-v3/0c44253f-c4a3-4340-9d37-d41e42b9d14a/8c2ff9a1-acb4-45ec-aee5-22ef141ee999/300x300.jpg
Bio,c5dee4eb-9da5-49c0-8563-cc2046f181b7,MPX_164819,Monoprix Je suis Vert Essuie-Tout x3,2.99,1.0,"['Bio', 'Entretien écologique', 'Essuie tout et Papier toilette écologique']",Monoprix Je Suis Vert,True,False,false,,,3 par pack,[],https://courses.monoprix.fr/images-v3/0c44253f-c4a3-4340-9d37-d41e42b9d14a/cea45ca6-1009-4224-8def-8513b528d183/300x300.jpg
Bio,9d8bb483-7672-4436-9d36-4de4a675eb1e,MPX_3268985,Mutti Parma Pulpe De Tomates En Morceaux 100% Bio 800G,3.15,3.94,"['Bio', 'Epicerie salée bio', 'Conserve bio']",Mutti,True,False,false,1.0,YEAR,800g,"['Produit végétarien', 'Produit bio']",https://courses.monoprix.fr/images-v3/0c44253f-c4a3-4340-9d37-d41e42b9d14a/94cd7a51-f84e-4dfa-988f-deae543e11fd/300x300.jpg
Bio,93539ddc-9b7d-4223-bff4-7d2177b296d5,MPX_2321346,Monoprix Bio Endive Sachet 400G,4.99,12.48,"['Bio', 'Fruit et Légume bio', 'Légume frais bio']",Monoprix Bio,True,False,false,2.0,DAY,400g,['Produit bio'],https://courses.monoprix.fr/images-v3/0c44253f-c4a3-4340-9d37-d41e42b9d14a/8240b971-0401-4df4-87da-914069e12089/300x300.jpg
Bio,8a0616f4-d825-4b2a-ad1c-3d215e97276c,MPX_1525572,Monoprix bio steaks haché bio 2x125g,5.49,21.96,"['Bio', 'Boucherie et Volaille bio', 'Boucherie bio']",Monoprix Bio,True,False,false,2.0,DAY,2 x 125g,['Produit bio'],https://courses.monoprix.fr/images-v3/0c44253f-c4a3-4340-9d37-d41e42b9d14a/71318382-3dc9-4cde-85f0-63cc15917746/300x300.jpg
Bio,18a9b8d4-c412-4045-b646-48255a04c415,MPX_3172742,Bjorg Galettes Maïs Bio Sans Gluten 130g,1.85,14.23,"['Bio', 'Epicerie sucrée bio', 'Pain et Galette de riz bio', 'Galette de riz bio']",Bjorg,True,False,false,1.0,MONTH,130g,[],https://courses.monoprix.fr/images-v3/0c44253f-c4a3-4340-9d37-d41e42b9d14a/4cb234ad-b877-47cd-ab27-ada699426dd1/300x300.jpg
Bio,fa9578a3-f257-49c8-9918-04247feb5e40,MPX_2020476,Monoprix Bio Origines Aiguillettes De Poulet 230G,9.45,41.09,"['Bio', 'Boucherie et Volaille bio', 'Volaille bio']",Monoprix Bio,True,False,false,5.0,DAY,230,['Produit bio'],https://courses.monoprix.fr/images-v3/0c44253f-c4a3-4340-9d37-d41e42b9d14a/9308eff7-7966-4a03-8a2f-6d70b3aca8a3/300x300.jpg
Bio,835d0716-767a-49e5-a316-568eb82a1d73,MPX_2587058,Monoprix Bio Gnocchi à poêler bio 300g,3.55,11.83,"['Nos sélections', 'Inspiration du moment', '& Frigo vide', 'Traiteur']",Monoprix Bio,True,False,false,1.0,WEEK,300g,['Produit bio'],https://courses.monoprix.fr/images-v3/0c44253f-c4a3-4340-9d37-d41e42b9d14a/36944d4c-4891-4ffc-836f-9b8628130671/300x300.jpg
Bio,daf6321a-0bce-449c-8ca3-3dcbca7dbfa1,MPX_2496187,Céréal Bio Quinoa Au Naturel 1 Portion 220g,3.15,14.32,"['Epicerie Salée', 'Pâte, Riz, Céréale et Purée', 'Pâte, Riz, Purée et Légume sec bio']",Céréal bio,True,False,false,2.0,MONTH,220g,['Produit bio'],https://courses.monoprix.fr/images-v3/0c44253f-c4a3-4340-9d37-d41e42b9d14a/b978a054-ffc9-40ac-82dd-0aa9439fd222/300x300.jpg
Bio,da56ddd0-e58c-4651-8062-24d9205c38b6,MPX_3955113,Bonduelle maïs sans sucres ajoutés bio 2x140g,2.59,9.25,"['Bio', 'Epicerie salée bio', 'Conserve bio']",Bonduelle,True,False,false,1.0,YEAR,2 x 140g,"['Produit vegan', 'Produit bio']",https://courses.monoprix.fr/images-v3/0c44253f-c4a3-4340-9d37-d41e42b9d14a/2e479618-c310-46bb-a33c-1edad0a1c9a5/300x300.jpg
Bio,bf405f0b-ea49-47f9-9d9d-db8c09e81e30,MPX_2118515,Monoprix Bio Noix de cajou grillées et salées 120g,4.15,34.58,"['Nos sélections', 'Inspiration du moment', '& Apéro entre amis', 'Epicerie salée']",Monoprix Bio,True,False,false,2.0,MONTH,120g,['Produit bio'],https://courses.monoprix.fr/images-v3/0c44253f-c4a3-4340-9d37-d41e42b9d14a/9529310c-b79e-4373-8e97-59a013c584c5/300x300.jpg
Bio,8408bd70-fc2a-4123-8497-dd4c601b8b74,MPX_2810944,Pierre Maizière Bourgogne Hautes-Côtes de Nuit Rouge 75cl,12.9,17.2,"['Bio', 'Boisson et Cave bio', 'Cave bio']",BOURGOGNE HAUTES-COTES DE NUITS,True,False,false,,,750ml,[],https://courses.monoprix.fr/images-v3/0c44253f-c4a3-4340-9d37-d41e42b9d14a/af0bbd5e-efde-4d75-9ca9-8c381da46fbb/300x300.jpg
Bio,615bbea5-8b12-475b-8774-830824e5a16c,MPX_1774182,"Pressade Nectar de Pomme Bio 1,5L",2.35,1.57,"['Bio', 'Boisson et Cave bio', 'Jus bio']",Pressade,True,False,false,1.0,MONTH,1.5L,['Produit bio'],https://courses.monoprix.fr/images-v3/0c44253f-c4a3-4340-9d37-d41e42b9d14a/3356d247-6fd3-46c3-b53c-3624dfd25464/300x300.jpg
Bio,c1c3dda8-f027-4389-b138-0d61a9bbc93a,MPX_2713953,Les 2 Vaches Yaourt Aux Fruits Framboise Délicate Bio 4x115g,2.59,5.63,"['Bio', 'Crèmerie bio', 'Yaourt bio']",Les 2 vaches,True,False,false,1.0,WEEK,4 x 115g,['Produit bio'],https://courses.monoprix.fr/images-v3/0c44253f-c4a3-4340-9d37-d41e42b9d14a/17302053-9760-45ae-903b-00f233789133/300x300.jpg
Bio,229c8e14-c386-45a8-90e8-525bc07b58c7,MPX_3575738,"Monoprix Bio Gressins nature à l'huile d'olive vierge extra 8,9% 120g",2.65,21.2,"['Epicerie Salée', 'Produit apéritif', 'Chips et Biscuit Apéritif', 'Gressin, Flûte et Torsade']",Monoprix Bio,True,False,false,2.0,MONTH,125g,['Produit bio'],https://courses.monoprix.fr/images-v3/0c44253f-c4a3-4340-9d37-d41e42b9d14a/6efe1267-14a1-40a3-8b42-ad0de06044ce/300x300.jpg
Bio,81cba8d4-313c-4a1a-ad77-9fda5c039196,MPX_3255279,Taureau Ailé Riz Le Thaï Bio 500G,3.79,7.58,"['Epicerie Salée', 'Pâte, Riz, Céréale et Purée', 'Pâte, Riz, Purée et Légume sec bio']",Taureau Ailé,True,False,false,1.0,YEAR,500g,"['Produit végétarien', 'Produit bio']",https://courses.monoprix.fr/images-v3/0c44253f-c4a3-4340-9d37-d41e42b9d14a/9fe5dae8-0065-4d6b-8961-4a2cedab4c55/300x300.jpg
Bio,c977b41e-dbda-404f-8b78-6aa71c3a0c3a,MPX_2046684,"Monoprix Bio Petits fromages frais 3,8% 6x60g",2.09,5.81,"['Bio', 'Crèmerie bio', 'Yaourt bio']",Monoprix Bio,True,False,false,1.0,WEEK,6 x 60g,[],https://courses.monoprix.fr/images-v3/0c44253f-c4a3-4340-9d37-d41e42b9d14a/690a6845-eabc-4b63-a64d-8d761e301bea/300x300.jpg
Bio,cea89307-52ce-4c44-94e3-9498316a7dee,MPX_13002,Bjorg Biscuits Fourrés Au Chocolat Noir Bio 225g,3.29,14.62,"['Bio', 'Epicerie sucrée bio', 'Biscuit bio']",Bjorg,True,False,false,1.0,MONTH,225g,[],https://courses.monoprix.fr/images-v3/0c44253f-c4a3-4340-9d37-d41e42b9d14a/8ecb2b77-262d-4238-9017-5a6339e92e54/300x300.jpg
Bio,782d1c30-bf75-46b7-92d4-6d7485a97298,MPX_2535797,Rainett Tablettes Lave-Vaisselle Tout-En-1 Bicarbonate 600G,7.95,13.25,"['Entretien & Nettoyage', 'Entretien écologique', 'Nettoyant vaisselle écologique']",Rainett,True,False,false,,,600g,[],https://courses.monoprix.fr/images-v3/0c44253f-c4a3-4340-9d37-d41e42b9d14a/5e86b3bd-3340-451a-b581-4b94f3511d21/300x300.jpg
Bio,6a847f9c-7fb5-47ed-9e0f-ff7c4f52ee4c,MPX_1467353,Les 2 Vaches Yaourt Aux Fruits Myrtille Bio 4x115g,2.55,5.54,"['Bio', 'Crèmerie bio', 'Yaourt bio']",Les 2 vaches,True,False,false,1.0,WEEK,4 x 115g,['Produit bio'],https://courses.monoprix.fr/images-v3/0c44253f-c4a3-4340-9d37-d41e42b9d14a/6d5942cc-b77f-4940-93be-cc39896d67f2/300x300.jpg
Bio,9e164453-186c-4aa1-9ffb-ec24f7b3b6cb,MPX_2699948,Monoprix Bio Galettes de Maïs Bio 110g,1.75,17.5,"['Bio', 'Epicerie sucrée bio', 'Pain et Galette de riz bio', 'Galette de riz bio']",Monoprix Bio,True,False,false,2.0,MONTH,100g,['Produit bio'],https://courses.monoprix.fr/images-v3/0c44253f-c4a3-4340-9d37-d41e42b9d14a/ca381865-36e3-447c-9b37-9ddbea8e1888/300x300.jpg
Bio,c2da4c82-015f-4730-978a-73f711dc604c,MPX_5135335,Good Gout Fraise Banane 120 g - Dès Mois,1.85,15.42,"['Bébé', 'Bébé bio', 'Dessert aux Fruits et Lacté bio', 'Dessert aux Fruits bio']",Good goût,True,False,false,2.0,MONTH,120g,['Produit bio'],https://courses.monoprix.fr/images-v3/0c44253f-c4a3-4340-9d37-d41e42b9d14a/abc0849e-0b98-4e0a-8c5f-afadc01e347c/300x300.jpg
Bio,a5b9666f-f519-41dc-b3df-904e99945baf,MPX_880178,Monoprix Bio Galettes Pur Beurre 125G,1.35,10.8,"['Bio', 'Epicerie sucrée bio', 'Biscuit bio']",Monoprix Bio,True,False,false,2.0,MONTH,125g,['Produit bio'],https://courses.monoprix.fr/images-v3/0c44253f-c4a3-4340-9d37-d41e42b9d14a/fb17b429-d6ec-4fc0-aa27-8b1205d522bc/300x300.jpg
Bio,efaa234c-0bb4-4307-81bd-99f2c41cb4cc,MPX_798646,Bridel Lait Pasteurisé Bio Breton Demi-écrémé 1l,2.25,2.25,"['Bio', 'Crèmerie bio', 'Lait bio']",Bridel,True,False,false,1.0,WEEK,1kg,[],https://courses.monoprix.fr/images-v3/0c44253f-c4a3-4340-9d37-d41e42b9d14a/bbd5b8f9-6ced-48ba-bfa3-79fb212d2da1/300x300.jpg
Bio,042804a2-5905-43e6-be1f-ae732ed71430,MPX_3279942,Volvic Infusion Hibiscus Litchi & Passion  Bio 75cl,1.59,2.12,"['Bio', 'Boisson et Cave bio', 'Soda, Boisson aromatisée et Sirop bio']",Volvic,True,False,false,1.0,MONTH,75cl,['Produit bio'],https://courses.monoprix.fr/images-v3/0c44253f-c4a3-4340-9d37-d41e42b9d14a/fd69be9c-b7cf-427d-bd6f-9f09eb984ac9/300x300.jpg
Bio,457ff616-0dff-4ae4-9b06-7f3b8ba145cb,MPX_2292204,Monoprix Bio Cotons Maxi Ovales Duo X40,1.99,1.99,"['Bio', 'Beauté bio', 'Coton bio']",Monoprix Bio,True,False,false,,,,['Produit bio'],https://courses.monoprix.fr/images-v3/0c44253f-c4a3-4340-9d37-d41e42b9d14a/09d3d7c4-cb70-45bc-aae1-ce17b020ca35/300x300.jpg
Bio,721a6759-7d55-42d0-b3fa-581e4d2f9d63,MPX_1860208,Monoprix Bio épinards en branches bio 600g,2.99,4.98,"['Surgelés', 'Légumes surgelés', 'Légumes surgelés bio']",Monoprix Bio,True,False,false,2.0,MONTH,600g,"['Produit congelé', 'Produit bio']",https://courses.monoprix.fr/images-v3/0c44253f-c4a3-4340-9d37-d41e42b9d14a/5ceb7e27-33fa-4513-bb4a-c14f7597b599/300x300.jpg
Bio,1262a939-557b-4233-8e49-b77e4fbc0cb9,MPX_1259551,Bjorg Muesli Croustillant Chocolat Bio 500G,4.19,8.38,"['Epicerie Sucrée', 'Céréale et Barre', 'Céréale et Barre bio']",Bjorg,True,False,false,2.0,MONTH,500g,['Produit bio'],https://courses.monoprix.fr/images-v3/0c44253f-c4a3-4340-9d37-d41e42b9d14a/4e856202-a953-4712-9bc0-0a239a3078cb/300x300.jpg
Bio,c0203896-0d37-4fd7-8c03-8b657eb3a4fb,MPX_1760801,Vrai Yaourt Au Lait De Brebis Nature Bio 2x125g,1.99,7.96,"['Bio', 'Crèmerie bio', 'Yaourt bio']",Vrai,True,False,false,1.0,WEEK,2 x 125g,['Produit bio'],https://courses.monoprix.fr/images-v3/0c44253f-c4a3-4340-9d37-d41e42b9d14a/08d1ac8f-6f6b-4b35-a949-8c00e8a69967/300x300.jpg
Bio,0f5d7d33-0073-420b-9d95-df01412eda11,MPX_3268507,Pom'potes compotes multi fruits bio 12x90g,10.9,10.09,"['Nos sélections', 'Boutique Enfants', 'Pour le goûter de vos enfants', 'Compote']",POM'POTES,True,False,false,2.0,MONTH,12 x 90g,"['Produit équitable', 'Produit bio']",https://courses.monoprix.fr/images-v3/0c44253f-c4a3-4340-9d37-d41e42b9d14a/a490dc91-bd79-4e19-84ba-6e7ee09f92cb/300x300.jpg
Bio,d68a5a24-ce8a-484e-9103-aa3a29627424,MPX_2850213,Monoprix Bio Lait Entier Stérilisé Le Pack De 6X1L,9.89,1.65,"['Bio', 'Crèmerie bio', 'Lait bio']",Monoprix Bio,True,False,false,1.0,MONTH,6 x 1L,['Produit bio'],https://courses.monoprix.fr/images-v3/0c44253f-c4a3-4340-9d37-d41e42b9d14a/9e145b3d-4e27-4964-9cc1-66e60d13c7be/300x300.jpg
Bio,32fd9e4b-065d-4d2d-b48d-9972edbaecf8,MPX_1774351,Francine Farine de blé Bio certifié AB 1kg,2.95,2.95,"['Bio', 'Epicerie sucrée bio', 'Farine bio']",Francine,True,False,false,2.0,MONTH,1kg,['Produit bio'],https://courses.monoprix.fr/images-v3/0c44253f-c4a3-4340-9d37-d41e42b9d14a/09f330c2-1518-45f6-8ff3-cce721bfed73/300x300.jpg
Bio,811ace74-6d85-4120-b950-5be05af387b5,MPX_3379994,Monoprix Je Suis Vert Liquide Vaisselle Concentré Peaux Délicates 500Ml,1.99,3.98,"['Entretien & Nettoyage', 'Entretien écologique', 'Nettoyant vaisselle écologique']",Monoprix Je suis Vert,True,False,false,,,50cl,[],https://courses.monoprix.fr/images-v3/0c44253f-c4a3-4340-9d37-d41e42b9d14a/1bd28ee4-91cf-4d32-ba94-a269d1ac6f04/300x300.jpg
Bio,45bc8562-2c7e-45a6-93ba-bd4ddbfaa522,MPX_1816817,Monoprix Bio compote pomme poire sans sucres ajoutés bio 4x100g,2.95,7.38,"['Nos sélections', 'Inspiration du moment', '& Frigo vide', 'Desserts et Yaourts']",Monoprix Bio,True,False,false,3.0,WEEK,400g,['Produit bio'],https://courses.monoprix.fr/images-v3/0c44253f-c4a3-4340-9d37-d41e42b9d14a/e623e2fb-e9eb-4c65-84c6-72b717057ab2/300x300.jpg
Bio,a0c2a417-0389-4667-a25a-349d6c6698e4,MPX_3550873,Monoprix Bio Pois Chiches Bio 265g,2.39,9.02,"['Bio', 'Epicerie salée bio', 'Conserve bio']",Monoprix Bio,True,False,false,1.0,YEAR,265g,['Produit bio'],https://courses.monoprix.fr/images-v3/0c44253f-c4a3-4340-9d37-d41e42b9d14a/bc69f445-3eab-45ab-8ee8-2b90d1ac02a1/300x300.jpg
Bio,dc1a2843-eb06-4048-85bb-2c75a520553a,MPX_6623628,Feta aop bio 150g,2.49,16.6,"['Bio', 'Crèmerie bio', 'Fromage bio']",NO NAME,True,False,false,1.0,MONTH,150g,['Produit bio'],https://courses.monoprix.fr/images-v3/0c44253f-c4a3-4340-9d37-d41e42b9d14a/57995cce-33a9-4de8-a42e-96227a2dbc98/300x300.jpg
Bio,fe0a493a-b052-42a8-b5f6-dbf3567b45f7,MPX_2588177,Bio Organic Terra Delyssa Huile D'Olive Vierge 75Cl,11.9,15.87,"['Epicerie Salée', 'Assaisonnement et Condiment', 'Huile', ""Huile d'olive""]",Terra Delyssa,True,False,false,6.0,MONTH,750ml,['Produit bio'],https://courses.monoprix.fr/images-v3/0c44253f-c4a3-4340-9d37-d41e42b9d14a/19ae7bae-9582-426a-8f4b-4093094ff7b6/300x300.jpg
Bio,2d11f52b-25a3-4cfe-bd03-bad21bf5ed2e,MPX_3717553,"Monoprix Bio Purée De Pommes, Sans Sucres Ajoutés 560g",3.49,6.23,"['Nos sélections', 'Inspiration du moment', '& Sélection petit déjeuner', 'Epicerie sucrée']",Monoprix Bio Origines,True,False,false,1.0,YEAR,560g,['Produit bio'],https://courses.monoprix.fr/images-v3/0c44253f-c4a3-4340-9d37-d41e42b9d14a/693b9984-c313-4a30-95b8-2eea9b444052/300x300.jpg
Bio,33e933fd-febd-46a7-bce4-30ec1cd89971,MPX_3430293,Monoprix bio gouda en tranches bio x8 tranches 200g,3.99,19.95,"['Bio', 'Crèmerie bio', 'Fromage bio']",Monoprix Bio,True,False,false,3.0,WEEK,200g,[],https://courses.monoprix.fr/images-v3/0c44253f-c4a3-4340-9d37-d41e42b9d14a/ab5d71f4-9e02-4bce-8bac-e01eb01b8ec2/300x300.jpg
Bio,13e4c1cd-1ef4-4b80-badb-6e932b931bd0,MPX_6616933,Pom'potes compotes gourdes bio multivariétés 12x 90g,8.59,7.95,"['Produits Laitiers, Œufs et Fromages', 'Desserts', 'Desserts pour enfants']",Pom'Potes,True,False,false,2.0,MONTH,12 x 90g,['Produit bio'],https://courses.monoprix.fr/images-v3/0c44253f-c4a3-4340-9d37-d41e42b9d14a/21eab897-68de-487f-bce9-0152a97e38a6/300x300.jpg
Bio,45c1f3c6-93dc-471a-b6be-7a8445bcc31e,MPX_1111607,Monoprix Bio beurre moule demi-sel 250g,3.85,15.4,"['Bio', 'Crèmerie bio', 'Beurre bio']",Monoprix Bio,True,False,false,3.0,WEEK,250g,['Produit bio'],https://courses.monoprix.fr/images-v3/0c44253f-c4a3-4340-9d37-d41e42b9d14a/ff089466-7106-4094-bfd0-f001b678480d/300x300.jpg
Bio,f53fdfc0-0549-4772-891d-f16f73365829,MPX_2120324,Monoprix Bio Yaourts Citron au Lait Entier 4 x 125g,1.69,3.38,"['Bio', 'Crèmerie bio', 'Yaourt bio']",Monoprix Bio,True,False,false,1.0,WEEK,4 x 125g,[],https://courses.monoprix.fr/images-v3/0c44253f-c4a3-4340-9d37-d41e42b9d14a/61b2e2c5-c25d-41db-895f-076fdebd76bc/300x300.jpg
Bio,15f141a8-7c94-4d69-bc72-cfa402178474,MPX_3343693,Nestlé Céréales Chocapic Bio 375g,4.49,11.97,"['Epicerie Sucrée', 'Céréale et Barre', 'Céréale et Barre bio']",Chocapic,True,False,false,2.0,MONTH,375g,['Produit bio'],https://courses.monoprix.fr/images-v3/0c44253f-c4a3-4340-9d37-d41e42b9d14a/eb3cc7ec-a8b3-44ab-9b33-e732379158b7/300x300.jpg
Bio,dd68ec0c-fff1-4eaf-982f-9ff41ff82056,MPX_2675609,Monoprix Bio Lait Demi-Écrémé Stérilisé Uht 6X50Cl,5.35,1.78,"['Bio', 'Crèmerie bio', 'Lait bio']",Monoprix Bio,True,False,false,1.0,MONTH,6 x 50cl,['Produit bio'],https://courses.monoprix.fr/images-v3/0c44253f-c4a3-4340-9d37-d41e42b9d14a/4ee51eb4-05c5-496a-90f1-d2f5a66d8af3/300x300.jpg
Bio,93006525-37bb-4dd2-980f-4c7e763d6363,MPX_1860246,Monoprix Bio Yaourt de brebis à la grecque bio 2x150g,2.35,7.83,"['Bio', 'Crèmerie bio', 'Yaourt bio']",Monoprix Bio,True,False,false,1.0,WEEK,2 x 150g,[],https://courses.monoprix.fr/images-v3/0c44253f-c4a3-4340-9d37-d41e42b9d14a/40bfc005-3c85-40b1-a427-9f297daf2de0/300x300.jpg
Bio,7549c129-48d6-45bd-8aca-7147b2ec0ea6,MPX_1815789,Heinz Ketchup Bio 580g,3.09,5.33,"['Nos recettes', 'Recettes du Monde', '& Le burger facile']",Heinz,True,False,false,2.0,MONTH,580g,['Produit bio'],https://courses.monoprix.fr/images-v3/0c44253f-c4a3-4340-9d37-d41e42b9d14a/5a764f7a-5c05-47be-b4be-da6db9ec4d02/300x300.jpg
Bio,cc5f7db4-dcc5-4afb-9203-a8b403f8883d,MPX_1895517,Monoprix bio yaourt nature 0% le pack de 4x125g,1.39,2.78,"['Bio', 'Crèmerie bio', 'Yaourt bio']",Monoprix Bio,True,False,false,1.0,WEEK,4 x 125g,['Produit bio'],https://courses.monoprix.fr/images-v3/0c44253f-c4a3-4340-9d37-d41e42b9d14a/bef9d90d-b6da-4156-9697-fa2bdff94856/300x300.jpg
Bio,d504ae4c-231c-4f78-9708-fa8913600de4,MPX_3416699,"Volvic Essentiel Bio Concombre, Menthe & Basilic 75Cl",2.29,3.05,"['Bio', 'Boisson et Cave bio', 'Soda, Boisson aromatisée et Sirop bio']",Volvic,True,False,false,1.0,MONTH,750ml,['Produit bio'],https://courses.monoprix.fr/images-v3/0c44253f-c4a3-4340-9d37-d41e42b9d14a/68b11450-0322-42ab-8fb9-9e491e846c8c/300x300.jpg
Bio,f9921e7b-5da9-4d2d-85bd-df8b4b592314,MPX_2222974,Lactel Lait Demi-Écrémé Bio 6x25cl,6.49,4.33,"['Bio', 'Crèmerie bio', 'Lait bio']",Lactel,True,False,false,4.0,WEEK,6 x 25cl,['Produit bio'],https://courses.monoprix.fr/images-v3/0c44253f-c4a3-4340-9d37-d41e42b9d14a/ed0f3d94-2867-4a75-a151-71ef176fd4f0/300x300.jpg
Bio,c915d5b6-94d7-4500-95c9-55c46bbef3f3,MPX_3962667,Monoprix Bio Ravioli ricotta épinard 250g,3.79,15.16,"['Nos sélections', 'Inspiration du moment', '& Frigo vide', 'Traiteur']",Monoprix Bio,True,False,false,1.0,WEEK,250g,['Produit bio'],https://courses.monoprix.fr/images-v3/0c44253f-c4a3-4340-9d37-d41e42b9d14a/38e4875d-4f2b-43f2-8a31-7023b06fa502/300x300.jpg
Bio,8430e219-9271-4a44-90a4-6dfb0c5445b0,MPX_2091462,"Monoprix Bio Crème entière UHT, 30% M.G 3x20cl",5.35,8.92,"['Bio', 'Crèmerie bio', 'Crème bio']",Monoprix Bio,True,False,false,1.0,MONTH,3 x 20cl,['Produit bio'],https://courses.monoprix.fr/images-v3/0c44253f-c4a3-4340-9d37-d41e42b9d14a/63020549-cd11-4cb5-b422-877dea290878/300x300.jpg
Bio,2f70917e-8a86-4eff-b5a7-6889eaed33be,MPX_1773171,"Monoprix Bio Pot de Fromage Blanc 3,2%500g",2.29,4.58,"['Bio', 'Crèmerie bio', 'Yaourt bio']",Monoprix Bio,True,False,false,1.0,WEEK,500g,['Produit bio'],https://courses.monoprix.fr/images-v3/0c44253f-c4a3-4340-9d37-d41e42b9d14a/81aa2256-7eb1-482d-8784-69417ae349ab/300x300.jpg
Bio,3bdb5676-7737-4556-94cf-d5f0480a49de,MPX_3823179,La Boulangère Pains au lait complet Bio 280g,2.89,10.32,"['Bio', 'Epicerie sucrée bio', 'Pain et Galette de riz bio', 'Pain et Biscotte bio']",La Boulangère,True,False,false,1.0,WEEK,280g,['Produit bio'],https://courses.monoprix.fr/images-v3/0c44253f-c4a3-4340-9d37-d41e42b9d14a/0cee7707-03aa-406f-9a63-63bbd4d8ee5d/300x300.jpg
Bio,965d50fd-89b1-477d-b8b8-6277366f15f3,MPX_3232476,Pressade Nectar Pomme Bio 1 L,3.49,3.49,"['Bio', 'Boisson et Cave bio', 'Jus bio']",Pressade,True,False,false,1.0,MONTH,1L,['Produit bio'],https://courses.monoprix.fr/images-v3/0c44253f-c4a3-4340-9d37-d41e42b9d14a/027782f2-d60f-4757-819f-8c94f64e1bc7/300x300.jpg
Bio,c9bea512-6462-4f79-a644-b27ae93c2e17,MPX_2077253,Meo Café Moulu Biologique 500G,7.49,14.98,"['Bio', 'Boisson et Cave bio', 'Café bio']",MEO,True,False,false,2.0,MONTH,500g,['Produit bio'],https://courses.monoprix.fr/images-v3/0c44253f-c4a3-4340-9d37-d41e42b9d14a/8bffaccc-f895-416f-bd36-702c2c834924/300x300.jpg
Bio,2dcd65da-c703-44af-8fd6-9c627a4faf78,MPX_3114227,Monoprix Bio Compote pomme banane sans sucres ajoutés Dès 5 mois 4x100g,2.15,5.38,"['Bébé', 'Bébé bio', 'Dessert aux Fruits et Lacté bio', 'Dessert aux Fruits bio']",Monoprix Bio,True,False,false,2.0,MONTH,4 x 100g,['Produit bio'],https://courses.monoprix.fr/images-v3/0c44253f-c4a3-4340-9d37-d41e42b9d14a/6399db2d-4af6-4272-bf60-c25fa54d429e/300x300.jpg
Bio,9d9fa175-73c3-4a01-a820-83d5d521b14f,MPX_1398116,Bjorg Flocons d'Avoine Complète Bio 500g,2.85,5.7,"['Epicerie Sucrée', 'Céréale et Barre', 'Céréale et Barre bio']",Bjorg,True,False,false,1.0,MONTH,500g,['Produit bio'],https://courses.monoprix.fr/images-v3/0c44253f-c4a3-4340-9d37-d41e42b9d14a/935c5865-3262-4ff0-a2d5-8d0a8a19f36a/300x300.jpg
Bio,68987a38-beac-4a3a-ac98-e46d2dc0dc07,MPX_2587680,La Boulangère Pain de mie bio aux céréales 500g,3.25,6.5,"['Bio', 'Pain et Galette de riz bio', 'Pain et Biscotte bio']",La Boulangère,True,False,false,5.0,DAY,500g,['Produit bio'],https://courses.monoprix.fr/images-v3/0c44253f-c4a3-4340-9d37-d41e42b9d14a/3a4edd5c-d8c0-4d4b-90f3-ae6afc04b144/300x300.jpg
Bio,a1df56a1-1e05-4476-9773-399f6e7cf8a5,MPX_2664538,Monoprix Bio Sirop d'agave le pot de 350g,2.99,8.54,"['Nos sélections', 'Inspiration du moment', ""& La pâtisserie c'est du gâteau"", 'Vanille, Arôme et Décor']",Monoprix Bio,True,False,false,6.0,MONTH,350g,['Produit bio'],https://courses.monoprix.fr/images-v3/0c44253f-c4a3-4340-9d37-d41e42b9d14a/3992f4a5-c754-4358-bf99-4357d4acbac6/300x300.jpg
Bio,ea53cd55-a49f-4e67-b573-aeb0b5a05310,MPX_3166612,Monoprix Bio Galettes de Riz Fourrés 120g,2.99,24.92,"['Bio', 'Epicerie sucrée bio', 'Pain et Galette de riz bio', 'Galette de riz bio']",Monoprix Bio,True,False,false,2.0,MONTH,120g,['Produit bio'],https://courses.monoprix.fr/images-v3/0c44253f-c4a3-4340-9d37-d41e42b9d14a/46c9a9af-1e4c-43f0-b585-cbaa43bb211b/300x300.jpg
Bio,481e7bd3-47a1-41b1-805d-772c802a80f2,MPX_1044816,Monoprix Bio Jambon Supérieur Découenné Dégraissé 80G X2,3.75,46.88,"['Charcuterie et Traiteur', 'Charcuterie', 'Jambon blanc']",Monoprix Bio,True,False,false,1.0,WEEK,80g,['Produit bio'],https://courses.monoprix.fr/images-v3/0c44253f-c4a3-4340-9d37-d41e42b9d14a/2e73451b-943d-4fbe-a72f-f78b5e2c0069/300x300.jpg
Bio,5904e37f-2a04-4797-a939-9932fd99a13c,MPX_164812,Monoprix Je Suis Vert Papier Toilette Double Épaisseur X6,3.29,0.55,"['Bio', 'Entretien écologique', 'Essuie tout et Papier toilette écologique']",Monoprix Vert,True,False,false,,,6 par pack,[],https://courses.monoprix.fr/images-v3/0c44253f-c4a3-4340-9d37-d41e42b9d14a/aca36acb-6652-472b-bd56-b1ef500728fd/300x300.jpg
Bio,4ead2cbf-77e1-4b83-8d5e-ff2b3b5f76dc,MPX_3292041,Nestlé P'Tit Brassé Nature Bio 4x90g,2.99,8.31,"['Bébé', 'Bébé bio', 'Dessert aux Fruits et Lacté bio', 'Dessert Lacté bio']",P'ti Brassé,True,False,false,2.0,MONTH,4 x 90g,"['Produit végétarien', 'Produit bio']",https://courses.monoprix.fr/images-v3/0c44253f-c4a3-4340-9d37-d41e42b9d14a/9ef25a68-2079-4238-a877-3fa44026b144/300x300.jpg
Bio,05447560-8a66-4f8f-ab78-2e995bcdbb5b,MPX_568332,Monoprix Bio taboulé oriental 200g,2.25,11.25,"['Charcuterie et Traiteur', 'Salade et Sandwich', 'Crudités']",Monoprix Bio,True,False,false,6.0,DAY,200g,['Produit bio'],https://courses.monoprix.fr/images-v3/0c44253f-c4a3-4340-9d37-d41e42b9d14a/7a826610-bf39-4e78-921f-4140e6d9fcae/300x300.jpg
Bio,4b04990f-75ad-4ff2-9a1f-c050bf391ab8,MPX_2135323,Monoprix Bio fromages frais aux fruits 12x50g,2.89,4.82,"['Bio', 'Crèmerie bio', 'Yaourt bio']",Monoprix Bio,True,False,false,1.0,WEEK,12 x 50g,[],https://courses.monoprix.fr/images-v3/0c44253f-c4a3-4340-9d37-d41e42b9d14a/c7e3a08d-d217-4514-b66f-ae3f057ef35b/300x300.jpg
Bio,45243112-853e-4e64-85fb-9b54e0da6d55,MPX_3513342,Monoprix Bio Pur jus de citron de Sicile 250ml,2.09,8.36,"['Nos recettes', 'Recettes de Chefs', '& Fusilloni sauce moutarde']",Monoprix Bio,True,False,false,2.0,MONTH,250ml,['Produit bio'],https://courses.monoprix.fr/images-v3/0c44253f-c4a3-4340-9d37-d41e42b9d14a/59ad6658-7d9a-4cd8-9270-8d09c7b86b4d/300x300.jpg
Bio,754ee37d-dbe0-4902-9ee8-53c976041226,MPX_2006323,Vrai Yaourt Nature Au Lait De Chèvre Bio 2x125g,1.99,7.96,"['Bio', 'Crèmerie bio', 'Yaourt bio']",Vrai,True,False,false,1.0,WEEK,2 x 125g,['Produit bio'],https://courses.monoprix.fr/images-v3/0c44253f-c4a3-4340-9d37-d41e42b9d14a/29da0f79-cdf7-45c1-9cdd-496442cc06ef/300x300.jpg
Bio,ac861cc0-5d37-4fe4-919f-af8ee8bc0c1d,MPX_4981853,Monoprix Bio Gourdes multifruits 12x90g,7.29,6.75,"['Produits Laitiers, Œufs et Fromages', 'Desserts', 'Desserts bio']",Monoprix Bio,True,False,false,2.0,MONTH,12 x 90g,['Produit bio'],https://courses.monoprix.fr/images-v3/0c44253f-c4a3-4340-9d37-d41e42b9d14a/4723889a-88f6-4d25-87fe-fcc887b43fd6/300x300.jpg
Bio,ba3cf249-9afe-444d-ae3c-d30649863802,MPX_4124084,Fleury Michon Jambon Simplement Bio X2,3.59,59.83,"['Charcuterie et Traiteur', 'Charcuterie', 'Jambon blanc']",Fleury michon,True,False,false,1.0,WEEK,60g,['Produit bio'],https://courses.monoprix.fr/images-v3/0c44253f-c4a3-4340-9d37-d41e42b9d14a/ab48e694-1a60-4724-a583-5ee81a90a5ea/300x300.jpg
Bio,ca130517-cf69-45fe-9151-40380e56753c,MPX_3291995,Meo Café Pur Arabica en Grains Biologique 500g,7.99,15.98,"['Bio', 'Boisson et Cave bio', 'Café bio']",MEO,True,False,false,6.0,MONTH,500g,['Produit bio'],https://courses.monoprix.fr/images-v3/0c44253f-c4a3-4340-9d37-d41e42b9d14a/64e57a12-4e5e-4528-9697-997fd6d675de/300x300.jpg
Bio,c5abc3a1-6064-4f58-9f24-d18fb321327b,MPX_2291188,Monoprix Bio Cookies aux pépites de chocolat et noisettes 175g,2.15,12.29,"['Bio', 'Epicerie sucrée bio', 'Biscuit bio']",Monoprix Bio,True,False,false,2.0,MONTH,175g,['Produit bio'],https://courses.monoprix.fr/images-v3/0c44253f-c4a3-4340-9d37-d41e42b9d14a/a34dbe50-ebca-4c1e-abd9-7a62a824cd79/300x300.jpg
Bio,8edacf87-0503-4a33-b3af-ccf5d193c278,MPX_2469935,Vrai Fromage Blanc Nature 36% M.G. Bio 500g,2.75,5.5,"['Bio', 'Crèmerie bio', 'Yaourt bio']",Vrai,True,False,false,1.0,WEEK,500g,['Produit bio'],https://courses.monoprix.fr/images-v3/0c44253f-c4a3-4340-9d37-d41e42b9d14a/98f414d0-219b-4b21-a876-bf3364fe54ff/300x300.jpg
Bio,6bf14d9d-6cb9-4df5-a7da-b1adcbd6e8b0,MPX_12982,Bjorg Lait Soja Doucieur Bio 1L,1.95,1.95,"['Bio', 'Boisson et Cave bio', 'Boisson végétale bio']",Bjorg,True,False,false,1.0,MONTH,1L,[],https://courses.monoprix.fr/images-v3/0c44253f-c4a3-4340-9d37-d41e42b9d14a/f8fb27f8-1dfc-4aca-8150-94c8dfae69f7/300x300.jpg
Bio,9818a74a-6198-4c55-b092-f8e9b679ae76,MPX_1760802,Vrai Yaourt De Brebis Châtaigne Des Cévennes Bio 2x125g,2.75,11.0,"['Bio', 'Crèmerie bio', 'Yaourt bio']",Vrai,True,False,false,1.0,WEEK,2 x 125g,['Produit bio'],https://courses.monoprix.fr/images-v3/0c44253f-c4a3-4340-9d37-d41e42b9d14a/fde5abc7-8a3d-4223-814b-3d56a0001206/300x300.jpg
Bio,ab2b8ddd-014f-4030-bdce-93f59448e540,MPX_2396804,Clipper Infusion Citron & Gingembre Bio 50g,3.69,73.8,"['Epicerie Sucrée', 'Café, Thé et Boisson chaude', 'Thé et Infusion', 'Infusion aromatisée']",Clipper,True,False,false,1.0,MONTH,50g,['Produit bio'],https://courses.monoprix.fr/images-v3/0c44253f-c4a3-4340-9d37-d41e42b9d14a/beeb0778-84c3-4593-ad22-148aeaf0d25c/300x300.jpg
Bio,638484d4-0935-46c7-8505-14154c12c0b0,MPX_2625605,Nature de France Cordon Bleu de Poulet Bio 2*100g,5.89,58.9,"['Bio', 'Boucherie et Volaille bio', 'Volaille bio']",Nature de france,True,False,false,1.0,WEEK,100g,['Produit bio'],https://courses.monoprix.fr/images-v3/0c44253f-c4a3-4340-9d37-d41e42b9d14a/70c329bb-9ac2-40ce-a2e8-11f5eef02c4a/300x300.jpg
Bio,76948de2-448f-469a-a148-5655214a5cc3,MPX_899067,Lactel Lait Entier Bio 6x1L,13.5,2.25,"['Bio', 'Crèmerie bio', 'Lait bio']",Lactel,True,False,false,4.0,WEEK,6 x 1L,['Produit bio'],https://courses.monoprix.fr/images-v3/0c44253f-c4a3-4340-9d37-d41e42b9d14a/16245fb9-19d7-4646-97e1-cc355b916998/300x300.jpg
Bio,8b3bd514-7b8b-42a5-bc1b-716018cfdf5c,MPX_3255838,Petti Purée de Tomates Extra-fine Bio 500g,3.09,6.18,"['Epicerie Salée', 'Sauce et Base culinaire', 'Concentré, Coulis et Purée']",Petti,True,False,false,6.0,MONTH,500g,['Produit bio'],https://courses.monoprix.fr/images-v3/0c44253f-c4a3-4340-9d37-d41e42b9d14a/b18ce2c4-7f90-4913-8719-a21d50003c2c/300x300.jpg
Bio,f0c7be2d-d0f5-47a3-a2d6-a637da9c4985,MPX_3536944,Les 2 Vaches Crème dessert vanille Bio 4 x 95g,2.25,5.92,"['Bio', 'Crèmerie bio', 'Yaourt bio']",Les 2 vaches,True,False,false,1.0,WEEK,4 x 95g,['Produit bio'],https://courses.monoprix.fr/images-v3/0c44253f-c4a3-4340-9d37-d41e42b9d14a/c7d85396-947f-47c0-9f2e-3910e86a6fc2/300x300.jpg
Bio,7f384828-d777-4dde-8b55-8fb059609c4b,MPX_1540839,Monoprix Bio Yaourt Brassé Nature Bio 4X125g,1.49,2.98,"['Bio', 'Crèmerie bio', 'Yaourt bio']",Monoprix Bio,True,False,false,1.0,WEEK,4 x 125g,[],https://courses.monoprix.fr/images-v3/0c44253f-c4a3-4340-9d37-d41e42b9d14a/1410f001-f004-43fc-ba47-cb1c097c6745/300x300.jpg
Bio,e4edb5ff-dbf7-42bf-b933-89f27a5a6b84,MPX_3871478,Lactel Bio demi écrémé brique 6x1 L,8.29,1.38,"['Bio', 'Crèmerie bio', 'Lait bio']",LACTEL,True,False,false,4.0,WEEK,6 x 1L,"['Produit végétarien', 'Produit bio']",https://courses.monoprix.fr/images-v3/0c44253f-c4a3-4340-9d37-d41e42b9d14a/3e04731b-958c-4531-b0e7-ff954db9bd92/300x300.jpg
Bio,1bea64b6-cd69-49f0-98af-9c54a212ed9b,MPX_3550874,Monoprix Bio Haricots Rouges Bio 250g,2.55,10.2,"['Produits du monde', 'Mexique - México', 'Sauces et Accompagnements']",Monoprix Bio,True,False,false,1.0,YEAR,250g,['Produit bio'],https://courses.monoprix.fr/images-v3/0c44253f-c4a3-4340-9d37-d41e42b9d14a/f1a3f495-b854-45ab-ae02-7293fff8fa84/300x300.jpg
Bio,68597311-8962-4c28-b501-ddfe7af946bd,MPX_5498858,Kiri portion bio x8 -144g,2.79,19.37,"['Bio', 'Crèmerie bio', 'Fromage bio']",Kiri,True,False,false,3.0,WEEK,144g,['Produit bio'],https://courses.monoprix.fr/images-v3/0c44253f-c4a3-4340-9d37-d41e42b9d14a/b4ff568a-d3e7-4e0a-9a0b-dc7398fada9c/300x300.jpg
Bio,97490ec2-5adf-4fa7-8b14-b87b5f7358a5,MPX_3173066,Bjorg Galettes Riz Complet Bio Sans Gluten 130g,1.75,13.46,"['Bio', 'Epicerie sucrée bio', 'Pain et Galette de riz bio', 'Galette de riz bio']",Bjorg,True,False,false,1.0,MONTH,130g,['Produit bio'],https://courses.monoprix.fr/images-v3/0c44253f-c4a3-4340-9d37-d41e42b9d14a/f6376eab-aa62-436b-a9ae-72b00cdea559/300x300.jpg
Bio,6f55f91b-0ec2-47dc-97de-3b79523216d3,MPX_3073458,L'œuf de nos Villages Œufs Frais Bio x6,4.45,0.74,"['Bio', 'Crèmerie bio', 'Œuf bio']",L'Oeuf De Nos Villages,True,False,false,6.0,DAY,6 par pack,['Produit bio'],https://courses.monoprix.fr/images-v3/0c44253f-c4a3-4340-9d37-d41e42b9d14a/cff5c9d3-fc20-41c7-8ff0-c7c7ce0fb5f5/300x300.jpg
Bio,cc133a70-09a6-4599-b54c-ff571471c234,MPX_2687203,Monoprix Bio Gaufres Fourrage Au Miel 175G,2.15,12.29,"['Bio', 'Epicerie sucrée bio', 'Biscuit bio']",Monoprix Bio,True,False,false,2.0,MONTH,175g,['Produit bio'],https://courses.monoprix.fr/images-v3/0c44253f-c4a3-4340-9d37-d41e42b9d14a/f98bf073-9fda-4cde-a5e8-78e041b489e8/300x300.jpg
Bio,f2070a40-1bc1-47ae-9065-c50735470300,MPX_3953908,Monoprix Bio Crevettes biologique décortiquées coriandre citron 109g,4.15,38.07,"['Produits de la Mer', 'Poissonnerie', 'Crevettes et crustacés']",Monoprix Bio,True,False,false,5.0,DAY,109g,['Produit bio'],https://courses.monoprix.fr/images-v3/0c44253f-c4a3-4340-9d37-d41e42b9d14a/e499ea14-5229-4b84-8677-505ba28deb01/300x300.jpg
Bio,31022c94-041d-430a-8365-834459a5f11e,MPX_2260765,Monoprix Bio Haricots Verts Extra-Fins Coupés 185G,2.39,12.92,"['Bio', 'Epicerie salée bio', 'Conserve bio']",Monoprix Bio,True,False,false,1.0,YEAR,185g,['Produit bio'],https://courses.monoprix.fr/images-v3/0c44253f-c4a3-4340-9d37-d41e42b9d14a/88bb5057-c66e-47d1-8600-93765010248d/300x300.jpg
Bio,461afe81-d14e-4057-b542-470df29610c8,MPX_3254946,Petti Purée De Tomates Datterini Bio 350G,2.59,7.4,"['Nos sélections', 'Inspiration du moment', '& Tout pour faire sa pizza', 'Huile et Condiment']",Petti,True,False,false,6.0,MONTH,350g,['Produit bio'],https://courses.monoprix.fr/images-v3/0c44253f-c4a3-4340-9d37-d41e42b9d14a/8792c413-6d6b-4a57-9a36-5237b548ce25/300x300.jpg
Bio,b204d490-01a1-4a0e-8c0c-978568296619,MPX_2222139,Monoprix Bio petits pois Extra Fins 230g,2.55,11.09,"['Bio', 'Epicerie salée bio', 'Conserve bio']",Monoprix Bio,True,False,false,1.0,YEAR,230g,['Produit bio'],https://courses.monoprix.fr/images-v3/0c44253f-c4a3-4340-9d37-d41e42b9d14a/ee987a22-5bc9-4361-9671-713cdf7891fd/300x300.jpg
Bio,d91d3aab-de04-42b7-abcb-4fa8aa644f5d,MPX_3330881,Monoprix Bio choux fleurs surgelés bio 600g,3.39,5.65,"['Surgelés', 'Légumes surgelés', 'Légumes surgelés bio']",Monoprix Bio,True,False,false,2.0,MONTH,600g,"['Produit congelé', 'Produit bio']",https://courses.monoprix.fr/images-v3/0c44253f-c4a3-4340-9d37-d41e42b9d14a/c85cd7ff-908e-4625-842c-274c319d6015/300x300.jpg
Bio,bc281686-d68d-4bdc-8663-0c90e83fb147,MPX_2216529,Pom'Potes bio pomme nature le pack de 12x 90g,8.99,8.32,"['Nos sélections', 'Boutique Enfants', 'Pour le goûter de vos enfants', 'Compote']",Pom'Potes,True,False,false,2.0,MONTH,12 x 90g,['Produit bio'],https://courses.monoprix.fr/images-v3/0c44253f-c4a3-4340-9d37-d41e42b9d14a/1d5fafd7-28d5-4c1d-a625-4889af8ab1c9/300x300.jpg
Bio,25830861-3293-411b-bca9-498e8a2841dc,MPX_2665429,Jardin Bio Tartines Sarrasin Gluten Free 150G,3.29,21.93,"['Bio', 'Pain et Galette de riz bio', 'Pain et Biscotte bio']",Léa Nature Jardin Bio,True,False,false,6.0,MONTH,150g,['Produit bio'],https://courses.monoprix.fr/images-v3/0c44253f-c4a3-4340-9d37-d41e42b9d14a/94f985d8-adf5-4c1d-8ac9-1e1085fc5c9f/300x300.jpg
Bio,613e67e8-8316-4a62-8ee4-ea08a73fd863,MPX_3730183,Monoprix Saumon Atlantique Fumé Bio 70g,4.49,64.14,"['Produits de la Mer', 'Traiteur de la Mer', 'Saumons et truites fumées']",Monoprix Bio,True,False,false,1.0,WEEK,70g,['Produit bio'],https://courses.monoprix.fr/images-v3/0c44253f-c4a3-4340-9d37-d41e42b9d14a/ae9eb77d-5c21-43a9-bbce-d471fc79233d/300x300.jpg
Bio,339e8614-e881-423a-a2a1-0c3ea42e6083,MPX_1774183,"Pressade Nectar de Fruits À Base de Concentrés & Purées de Fruits Bio 1,5L",2.55,1.7,"['Bio', 'Boisson et Cave bio', 'Jus bio']",Pressade,True,False,false,1.0,MONTH,1.5L,['Produit bio'],https://courses.monoprix.fr/images-v3/0c44253f-c4a3-4340-9d37-d41e42b9d14a/448f5168-0c6c-48ed-a605-44fec67b856d/300x300.jpg
Bio,72beec3b-642f-4981-9261-6ae76b236f6a,MPX_725669,Monoprix Bio steak haché 15% le paquet de 350g,6.49,18.54,"['Bio', 'Boucherie et Volaille bio', 'Boucherie bio']",Monoprix Bio,True,False,false,2.0,DAY,350g,['Produit bio'],https://courses.monoprix.fr/images-v3/0c44253f-c4a3-4340-9d37-d41e42b9d14a/fa29011c-dbca-41e8-83e6-31074d15ac71/300x300.jpg
Bio,72a564dd-0368-4c48-bbaf-db25a3f495e7,MPX_3184401,Monoprix Bio Gourdes pommes sans sucres ajoutés bio 12x90g,6.89,6.38,"['Produits Laitiers, Œufs et Fromages', 'Desserts', 'Desserts bio']",Monoprix Bio,True,False,false,2.0,MONTH,12 x 90g,['Produit bio'],https://courses.monoprix.fr/images-v3/0c44253f-c4a3-4340-9d37-d41e42b9d14a/7c086e99-a2b0-4348-a1c0-d772239d1fc1/300x300.jpg
Bio,10ea2bd4-4272-4c74-b4ae-402e7b936a2e,MPX_1625954,Monoprix Bio Pain Mie 500g,1.99,3.98,"['Bio', 'Pain et Galette de riz bio', 'Pain et Biscotte bio']",Monoprix Bio,True,False,false,5.0,DAY,500g,[],https://courses.monoprix.fr/images-v3/0c44253f-c4a3-4340-9d37-d41e42b9d14a/af0c02e7-4ff3-43d0-833b-a63707482343/300x300.jpg
Bio,2892645a-d76c-4f27-a0c6-1349b46565c4,MPX_3973143,Monoprix Bio Petits beurre au Chocolat au lait 150g,2.15,14.33,"['Bio', 'Epicerie sucrée bio', 'Biscuit bio']",Monoprix Bio,True,False,false,2.0,MONTH,150g,['Produit bio'],https://courses.monoprix.fr/images-v3/0c44253f-c4a3-4340-9d37-d41e42b9d14a/4d9113bd-a838-4eb1-9762-9cb8130bcf59/300x300.jpg
Bio,cf029334-049b-4554-bfc6-86039e3d2fd0,MPX_3500255,Premier Prix Filet De Poulet Blanc Certifié Sans Antibiotique 800G,11.0,13.75,"['Bio', 'Boucherie et Volaille bio', 'Volaille bio']",Premier Prix,True,False,false,4.0,DAY,800g,[],https://courses.monoprix.fr/images-v3/0c44253f-c4a3-4340-9d37-d41e42b9d14a/5cd7b041-1c3e-4e0b-8d3d-66a5e416691b/300x300.jpg
Bio,d2501b25-5ef5-4588-8d57-aa2216c95609,MPX_3822257,La Nouvelle Agriculture Œufs Frais De Poules Bio x10,6.35,0.64,"['Bio', 'Crèmerie bio', 'Œuf bio']",La Nouvelle Agriculture,True,False,false,6.0,DAY,10 par pack,['Produit bio'],https://courses.monoprix.fr/images-v3/0c44253f-c4a3-4340-9d37-d41e42b9d14a/e10a5da5-0dd4-4d3c-b198-560fe8e46686/300x300.jpg
Bio,5d6ef164-c557-42ba-aed3-cf854a8f6a69,MPX_343134,Monoprix Bio Vinaigre de cidre 50cl,1.99,3.98,"['Nos sélections', 'Inspiration du moment', 'Nos coups de coeur Origine France']",Monoprix Bio,True,False,false,,,500ml,['Produit bio'],https://courses.monoprix.fr/images-v3/0c44253f-c4a3-4340-9d37-d41e42b9d14a/ba77c80b-3b80-42da-8915-bd370be7c30f/300x300.jpg
"Bière, Cave et Spiritueux",b9a02bba-b2cc-447d-90f2-223ac5668ea7,MPX_2219756,Bière Pietra 33Cl,2.35,7.12,"['Bière, Cave et Spiritueux', 'Bières et Cidres', 'Cave à Bières']",Pietra brewery,True,False,false,2.0,WEEK,330ml,[],https://courses.monoprix.fr/images-v3/0c44253f-c4a3-4340-9d37-d41e42b9d14a/f843ae94-e092-44c8-9d75-c0f947600602/300x300.jpg
"Bière, Cave et Spiritueux",b6de8d59-d740-40ce-ade9-7792d5331bc8,MPX_2639112,Mouton Cadet Bordeaux  Rouge AOP 75cl,10.99,14.65,"['Noël', 'Les offres de Noël', 'Nos offres sur la cave']",Mouton cadet,True,False,false,,,75cl,[],https://courses.monoprix.fr/images-v3/0c44253f-c4a3-4340-9d37-d41e42b9d14a/5f8c1264-d715-4adf-9ee9-aa24cbcd35df/300x300.jpg
"Bière, Cave et Spiritueux",7fe72a88-d66c-4984-b483-b72f66fe707d,MPX_2810993,Champagne Nicolas Feuillatte Grande Réserve Brut 75 Cl,25.9,34.53,"['Noël', 'Promos de Noël', ""Promos repas festif,\xa0jusqu'à 50% sur le 2ème sur une sélection festive""]",Nicolas Feuillate,True,False,false,,,75cl,[],https://courses.monoprix.fr/images-v3/0c44253f-c4a3-4340-9d37-d41e42b9d14a/3e2e55d2-5fcd-4110-afd9-b764c04fd9e9/300x300.jpg
"Bière, Cave et Spiritueux",c58b6cbb-d300-4006-9cce-811a305b075b,MPX_882879,L'Aurore Mâcon Villages Vin Blanc Aop 75Cl,8.95,11.93,"['Nos sélections', 'Inspiration du moment', '& Apéro entre amis', 'Boissons et Vins']",L'Aurore,True,False,false,,,750ml,[],https://courses.monoprix.fr/images-v3/0c44253f-c4a3-4340-9d37-d41e42b9d14a/845e70b9-dc46-41f4-908e-75fc311efe50/300x300.jpg
"Bière, Cave et Spiritueux",db56db01-b513-4334-89d7-7407270634af,MPX_53156,Heineken bière Blonde 12 x 25cl,8.29,2.76,"['Bière, Cave et Spiritueux', 'Bières et Cidres', 'Bières Blondes']",Heineken,True,False,false,1.0,MONTH,12 x 25cl,[],https://courses.monoprix.fr/images-v3/0c44253f-c4a3-4340-9d37-d41e42b9d14a/11304321-ddb7-4951-a00c-39f33511cb5c/300x300.jpg
"Bière, Cave et Spiritueux",c43bffaa-555b-4f2d-b061-658e8d8dc551,MPX_1704199,"Luna Argenta Italie - Prosecco, Brut 75Cl",8.9,11.87,"['Produits du monde', 'Italie - Italia', 'Boissons']",LUNA ARGENTA,True,False,false,,,750ml,[],https://courses.monoprix.fr/images-v3/0c44253f-c4a3-4340-9d37-d41e42b9d14a/161fc605-5d26-471c-bb0f-78e33e9850b5/300x300.jpg
"Bière, Cave et Spiritueux",678323e2-cffb-4df2-817e-5e64a3b4022a,MPX_4004573,Brooklyn Defender Bière Ipa 4x33cl,8.75,6.63,"['Bière, Cave et Spiritueux', 'Bières et Cidres', 'Cave à Bières']",Brooklyn,True,False,false,2.0,MONTH,4 x 33cl,[],https://courses.monoprix.fr/images-v3/0c44253f-c4a3-4340-9d37-d41e42b9d14a/a326cef1-26e4-42ef-bcc7-d2aa8f19639e/300x300.jpg
"Bière, Cave et Spiritueux",f50eefd4-76e2-4db8-bd4e-bccefd80e7fb,MPX_954848,"Devaux Champagne AOP, Brut, Blanc de Noirs 75cl",27.9,37.2,"['Noël', 'Promos de Noël', ""Promos repas festif,\xa0jusqu'à 50% sur le 2ème sur une sélection festive""]",Devaux,True,False,false,,,750ml,[],https://courses.monoprix.fr/images-v3/0c44253f-c4a3-4340-9d37-d41e42b9d14a/90728079-5a4d-40d5-8a22-641f55ff5dfd/300x300.jpg
"Bière, Cave et Spiritueux",b7e3b653-3416-4a27-92bb-186b58e21090,MPX_4004572,"Brooklyn Special Effects Bière sans Alcool 0,0% 4x33cl",7.89,5.98,"['Bière, Cave et Spiritueux', 'Bières et Cidres', 'Cave à Bières']",BROOKLYN,True,False,false,2.0,MONTH,4 x 33cl,[],https://courses.monoprix.fr/images-v3/0c44253f-c4a3-4340-9d37-d41e42b9d14a/9c646873-f3ca-4746-9faf-ab1065026511/300x300.jpg
"Bière, Cave et Spiritueux",c2d22d5f-0bca-4aea-9fc1-703e6ee4dca8,MPX_1761994,Château Sainte Marie Réserve Bordeaux Supérieur Rouge 75Cl,6.5,8.67,"['Noël', 'Les offres de Noël', 'Nos offres sur la cave']",Château Sainte Marie,True,False,false,,,75cl,[],https://courses.monoprix.fr/images-v3/0c44253f-c4a3-4340-9d37-d41e42b9d14a/45011506-3753-4f24-a404-536ca25ea3d5/300x300.jpg
"Bière, Cave et Spiritueux",666c3db6-1728-45c0-a947-0e2312257b3b,MPX_3476164,Bud Bière Blonde Lager Canette 50cl,1.89,3.78,"['Bière, Cave et Spiritueux', 'Bières et Cidres', 'Bières Blondes']",Bud,True,False,false,1.0,MONTH,50cl,[],https://courses.monoprix.fr/images-v3/0c44253f-c4a3-4340-9d37-d41e42b9d14a/dcdce05d-a719-4773-b0b1-0f1a82bb1225/300x300.jpg
"Bière, Cave et Spiritueux",54aafcce-e176-4212-bd8b-7550fbf3b2a3,MPX_1948686,Domaine J. Dupagneux Morgon Côte Du Py Aop Rouge 75Cl,9.9,13.2,"['Nos sélections', 'Inspiration du moment', '& Apéro entre amis', 'Boissons et Vins']",J. Depagneux,True,False,false,,,75cl,[],https://courses.monoprix.fr/images-v3/0c44253f-c4a3-4340-9d37-d41e42b9d14a/38072731-2fd4-4d33-af51-e004ee5d1aa4/300x300.jpg
"Bière, Cave et Spiritueux",8aeac74e-79af-4d87-b4a0-251d394b9088,MPX_1045512,Leffe bière blonde abbaye en canette 50 cl,1.89,3.78,"['Bière, Cave et Spiritueux', 'Bières et Cidres', 'Bières Blondes']",Leffe,True,False,false,1.0,MONTH,500ml,[],https://courses.monoprix.fr/images-v3/0c44253f-c4a3-4340-9d37-d41e42b9d14a/62d3e41b-aba9-4760-aa4c-300b198abcfe/300x300.jpg
"Bière, Cave et Spiritueux",2050b7c4-23f3-4e3d-8db2-56add242a4bd,MPX_6611985,Gallia Bière Champ Libre 6x33cl,10.5,5.3,"['Bière, Cave et Spiritueux', 'Bières et Cidres', 'Cave à Bières']",Gallia,True,False,false,2.0,MONTH,6 x 33cl,[],https://courses.monoprix.fr/images-v3/0c44253f-c4a3-4340-9d37-d41e42b9d14a/c8e7a731-9b90-4e54-a0ad-48947a6580e0/300x300.jpg
"Bière, Cave et Spiritueux",e0f51e4f-3d6a-4cbf-afbc-06384323b7eb,MPX_28489,1664 Bière Blonde 12x25cl,8.99,3.0,"['Bière, Cave et Spiritueux', 'Bières et Cidres', 'Bières Blondes']",1664,True,False,false,2.0,MONTH,12 x 25cl,[],https://courses.monoprix.fr/images-v3/0c44253f-c4a3-4340-9d37-d41e42b9d14a/0a6ee161-896f-4126-836c-1ccae729f36f/300x300.jpg
"Bière, Cave et Spiritueux",d579169b-0031-4902-ad77-266fca7b71dc,MPX_1557841,"Merrain Rouge Médoc Aop, Rouge 75cl",9.1,12.13,"['Noël', 'Les offres de Noël', 'Nos offres sur la cave']",MERRAIN ROUGE,True,False,false,,,750ml,[],https://courses.monoprix.fr/images-v3/0c44253f-c4a3-4340-9d37-d41e42b9d14a/5a389617-9cfc-446e-84b9-3858960bf77f/300x300.jpg
"Bière, Cave et Spiritueux",c21d9ebb-5482-4d10-b89c-b24c5a71d78a,MPX_954763,Hoegaarden bière blanche 50 cl,1.89,3.78,"['Bière, Cave et Spiritueux', 'Bières et Cidres', 'Bières Blanches et Aromatisées']",Hoegaarden,True,False,false,1.0,MONTH,500ml,[],https://courses.monoprix.fr/images-v3/0c44253f-c4a3-4340-9d37-d41e42b9d14a/09827260-5ce1-44d7-95ab-6f104e07a5dd/300x300.jpg
"Bière, Cave et Spiritueux",5b639d4e-67fe-4c40-9d23-ce2d882c0f3c,MPX_1804682,"Devaux Champagne Aop, Rosé 75Cl",27.9,37.2,"['Noël', 'Promos de Noël', ""Promos repas festif,\xa0jusqu'à 50% sur le 2ème sur une sélection festive""]",Devaux,True,False,false,,,750ml,[],https://courses.monoprix.fr/images-v3/0c44253f-c4a3-4340-9d37-d41e42b9d14a/87e9c140-c4ad-4558-9cb4-c780e3af2cfe/300x300.jpg
"Bière, Cave et Spiritueux",0703859b-5bbd-4564-81c7-b7ad79afe8ba,MPX_884035,"Château Grivière Médoc Aop, Rouge 75Cl",11.5,15.33,"['Noël', 'Les offres de Noël', 'Nos offres sur la cave']",Château GRIVIERE ,True,False,false,,,750ml,[],https://courses.monoprix.fr/images-v3/0c44253f-c4a3-4340-9d37-d41e42b9d14a/3654ac71-acdf-4a70-acd7-e4f2d2c7fc59/300x300.jpg
"Bière, Cave et Spiritueux",1dd927be-c8e2-4cb3-a357-879351bd8447,MPX_2752619,"Dauvergne Ranvier Aop Bordeaux, Rouge 75Cl",4.99,6.65,"['Noël', 'Les offres de Noël', 'Nos offres sur la cave']",DAUVERGNE RANVIER,True,False,false,,,750ml,[],https://courses.monoprix.fr/images-v3/0c44253f-c4a3-4340-9d37-d41e42b9d14a/f66f8cec-29fe-4a10-8374-1524940cbf6a/300x300.jpg
"Bière, Cave et Spiritueux",bb6d6200-d5b6-4d6a-ab53-24ddc8357d01,MPX_3045527,"Heineken Bière Blonde Sans Alcool 0,0% 6x25cl",5.25,3.5,"['Bière, Cave et Spiritueux', 'Bières et Cidres', 'Bières sans Alcool et Panachés']",Heineken,True,False,false,1.0,MONTH,6 x 25cl,[],https://courses.monoprix.fr/images-v3/0c44253f-c4a3-4340-9d37-d41e42b9d14a/e96c190d-1e7a-4f85-ab3e-b351872cddbf/300x300.jpg
"Bière, Cave et Spiritueux",de3eb1d6-9bef-4961-9e02-bad72b1f24e6,MPX_5084282,Gallia Bière East New England 4x33cl,11.5,8.71,"['Bière, Cave et Spiritueux', 'Bières et Cidres', 'Cave à Bières']",Gallia,True,False,false,2.0,MONTH,4 x 33cl,[],https://courses.monoprix.fr/images-v3/0c44253f-c4a3-4340-9d37-d41e42b9d14a/b9acc8ec-d479-4298-9fc2-c1f08519900c/300x300.jpg
"Bière, Cave et Spiritueux",a77baf10-54a4-4981-97fc-9851befe0c78,MPX_3729899,Devaux Champagne Blanc De Blancs 75cl,27.9,37.2,"['Noël', 'Promos de Noël', ""Promos repas festif,\xa0jusqu'à 50% sur le 2ème sur une sélection festive""]",Devaux,True,False,false,,,75cl,[],https://courses.monoprix.fr/images-v3/0c44253f-c4a3-4340-9d37-d41e42b9d14a/421b1f95-352e-45b4-82b0-cec7f8018cb6/300x300.jpg
"Bière, Cave et Spiritueux",358a5047-78e7-4b64-9dd5-1607dec3b37c,MPX_1118161,"Château Jean De Bertrand Bordeaux Aop, Rouge 75cl",3.95,5.27,"['Bière, Cave et Spiritueux', 'Cave à vins', 'Vins à petits prix', 'Vin Rouge']",CHATEAU JEAN DE BERTRAND,True,False,false,,,75cl,[],https://courses.monoprix.fr/images-v3/0c44253f-c4a3-4340-9d37-d41e42b9d14a/a9a6c767-c323-48f7-aaba-4926a8051394/300x300.jpg
"Bière, Cave et Spiritueux",7f6d1bf7-cab1-41c2-81e5-871f645280cb,MPX_6574787,Gallia Bière West Ipa 4x33cl,10.5,7.95,"['Bière, Cave et Spiritueux', 'Bières et Cidres', 'Cave à Bières']",Gallia,True,False,false,1.0,MONTH,4 x 33cl,[],https://courses.monoprix.fr/images-v3/0c44253f-c4a3-4340-9d37-d41e42b9d14a/b0f12ea9-5cd8-4663-9df3-0577be0cde37/300x300.jpg
"Bière, Cave et Spiritueux",0e8adabf-546e-4b50-94c1-86e661d66834,MPX_2188174,Moulin À Vent Les Terrasses Du Château Aop Rouge 75Cl,14.5,19.33,"['Promotions', 'Nos promos du moment', 'Le nouveau fait son retour, 50% sur le 2ème sur une sélection de vins Beaujolais Nouveau']",Les Terrasses du Château,True,False,false,,,750ml,[],https://courses.monoprix.fr/images-v3/0c44253f-c4a3-4340-9d37-d41e42b9d14a/f2c0dc92-587d-4531-ab44-7ab6c39a6bfe/300x300.jpg
"Bière, Cave et Spiritueux",22d43efa-c355-4432-a830-ce8f4b9802f6,MPX_25484,1664 Bière Blonde 50 cl,1.29,2.58,"['Bière, Cave et Spiritueux', 'Bières et Cidres', 'Bières Blondes']",1664,True,False,false,1.0,MONTH,500ml,[],https://courses.monoprix.fr/images-v3/0c44253f-c4a3-4340-9d37-d41e42b9d14a/f95344ce-40c3-4f86-828a-efb0c73c5497/300x300.jpg
"Bière, Cave et Spiritueux",82c633a6-57b1-497e-90cf-78785a886ac9,MPX_125473,Bombay Sapphire London Dry gin 70cl,25.5,36.43,"['Nos sélections', 'Inspiration du moment', '& Apéro entre amis', 'Boissons et Vins']",Bombay,True,False,false,,,70cl,[],https://courses.monoprix.fr/images-v3/0c44253f-c4a3-4340-9d37-d41e42b9d14a/da205e4d-95b2-4dfd-8c0b-b8e7b8994a28/300x300.jpg
"Bière, Cave et Spiritueux",fbc1f552-ddae-43b2-a089-11154ee68ca3,MPX_1816473,"Famille Perrin Cairanne Aop, Rouge 75Cl",9.95,13.27,"['Bière, Cave et Spiritueux', 'Cave à vins', 'Vin rouge', 'Rhône']",FAMILLE PERRIN,True,False,false,,,750ml,[],https://courses.monoprix.fr/images-v3/0c44253f-c4a3-4340-9d37-d41e42b9d14a/5f9c343a-2045-4d0c-8eca-d1f885a57a94/300x300.jpg
"Bière, Cave et Spiritueux",17a8b34d-7820-4716-ad7a-5db41262c27a,MPX_4218383,Aperol Apéritif Apérol 1 L,19.9,19.9,"['Nos sélections', 'Inspiration du moment', '& Les produits méditerranéens', 'Cave et Spiritueux']",Aperol,True,False,false,,,1L,['Produit bio'],https://courses.monoprix.fr/images-v3/0c44253f-c4a3-4340-9d37-d41e42b9d14a/17f9de8a-15c5-4dd2-a262-5d1a0104bd6e/300x300.jpg
"Bière, Cave et Spiritueux",c0d5f6a4-f03b-4f35-8857-f7460d4fc2d1,MPX_6708511,Brooklyn Brook Pulp Art Tropical IPA 50cl,2.59,5.18,"['Bière, Cave et Spiritueux', 'Bières et Cidres', 'Bières en Canettes']",Brooklyn,True,False,false,2.0,MONTH,50cl,[],https://courses.monoprix.fr/images-v3/0c44253f-c4a3-4340-9d37-d41e42b9d14a/4aca3734-6575-467a-a7d6-0f179d18e257/300x300.jpg
"Bière, Cave et Spiritueux",e5856ba3-a2a1-40ce-904c-5620eddd9cb2,MPX_1761992,Château Sainte-Marie AOC Entre deux mers Vin Blanc Sec 75cl,6.4,8.53,"['Noël', 'Les offres de Noël', 'Nos offres sur la cave']",CHÂTEAU SAINTE MARIE,True,False,false,,,750ml,[],https://courses.monoprix.fr/images-v3/0c44253f-c4a3-4340-9d37-d41e42b9d14a/e6258820-fa53-4a4d-aaef-063831177d0c/300x300.jpg
"Bière, Cave et Spiritueux",a7e82f33-7f77-4ee7-9916-213f3b3f4e70,MPX_1455,Ricard Pastis de Marseille 1L,23.9,23.9,"['Nos régions de France', 'Paca', 'Provence']",Ricard,True,False,false,,,1L,[],https://courses.monoprix.fr/images-v3/0c44253f-c4a3-4340-9d37-d41e42b9d14a/077321f1-a96b-4933-be01-5ffd8c554d1c/300x300.jpg
"Bière, Cave et Spiritueux",21b443ed-a70f-4e54-99c0-d7ca5d907f87,MPX_2262654,"Château Reignac Bordeaux Supérieur Aop, Rouge 75cl",10.9,14.53,"['Noël', 'Les offres de Noël', 'Nos offres sur la cave']",Château Reignac,True,False,false,,,750ml,[],https://courses.monoprix.fr/images-v3/0c44253f-c4a3-4340-9d37-d41e42b9d14a/fb12f62e-e867-45c1-9239-5a63e52d818d/300x300.jpg
"Bière, Cave et Spiritueux",03914123-8ff8-4ea1-8bce-857eb7cc5111,MPX_6727168,Gallia Sans Concession Bière Session IPA boite 50cl,2.99,5.98,"['Bière, Cave et Spiritueux', 'Bières et Cidres', 'Bières Blondes']",Gallia sans concession session ipa,True,False,false,2.0,MONTH,50cl,[],https://courses.monoprix.fr/images-v3/0c44253f-c4a3-4340-9d37-d41e42b9d14a/b79d63c2-0f67-419e-9906-ef3900b460d0/300x300.jpg
"Bière, Cave et Spiritueux",ce4b10d0-679c-45a2-bbbe-254fc0f47c82,MPX_3789453,Brooklyn Defender Ipa Bière Blonde Canette 50cl,2.99,5.98,"['Bière, Cave et Spiritueux', 'Bières et Cidres', 'Cave à Bières']",Brooklyn,True,False,false,1.0,MONTH,500ml,[],https://courses.monoprix.fr/images-v3/0c44253f-c4a3-4340-9d37-d41e42b9d14a/b92949ed-6060-4820-ae64-b2a7f206bf92/300x300.jpg
"Bière, Cave et Spiritueux",eff6776e-c4b3-408a-ba32-aa20af74c848,MPX_5064199,"Mionetto Prosecco Doc Treviso Avangarde 0,75Cl",7.9,10.53,"['Noël', 'Promos de Noël', ""Promos repas festif,\xa0jusqu'à 50% sur le 2ème sur une sélection festive""]",NoBrand,True,False,false,,,750ml,[],https://courses.monoprix.fr/images-v3/0c44253f-c4a3-4340-9d37-d41e42b9d14a/5c246d1c-82c0-40f9-a02b-2b9738fca277/300x300.jpg
"Bière, Cave et Spiritueux",e959a52a-846c-4120-95f3-d6eed92bdb47,MPX_1703246,Château Tour Prignac Aoc Médoc Rouge 75Cl,9.9,13.2,"['Noël', 'Les offres de Noël', 'Nos offres sur la cave']",Chateaux et Domaines Castel,True,False,false,,,75cl,[],https://courses.monoprix.fr/images-v3/0c44253f-c4a3-4340-9d37-d41e42b9d14a/28fc4739-cbe8-4308-b7e2-71ec747e527b/300x300.jpg
"Bière, Cave et Spiritueux",b1104b95-699a-48ca-8172-1f3615ae9cf9,MPX_1877711,Château Musset Chevalier Saint-Emilion Grand Cru Aop Rouge 75Cl,13.9,18.53,"['Noël', 'Les offres de Noël', 'Nos offres sur la cave']",Château Musset Chevalier,True,False,false,,,750ml,[],https://courses.monoprix.fr/images-v3/0c44253f-c4a3-4340-9d37-d41e42b9d14a/cee07d98-eff5-48ee-b336-7606a06657e6/300x300.jpg
"Bière, Cave et Spiritueux",ab7fd2eb-2f39-409f-ba45-ac8990b09652,MPX_2308262,Grande Réserve Saint-Emilion Aop 75Cl,11.9,15.87,"['Promotions', 'Les promos à ne pas manquer', 'Le 2ème à moins 50%']",Grande Réserve,True,False,false,,,750ml,[],https://courses.monoprix.fr/images-v3/0c44253f-c4a3-4340-9d37-d41e42b9d14a/a1881912-d423-49c4-b713-130b44cbafd3/300x300.jpg
"Bière, Cave et Spiritueux",8bfe9d7b-f6dc-4156-905a-d338a791c67d,MPX_6728373,Margote Chardonnay Vin De France 75cl,6.95,9.27,"['Bière, Cave et Spiritueux', 'Cave à vins', 'Vin blanc sec', 'Vins de pays et Vins de table']",FAMILLE BROCARD,True,False,false,,,75cl,['Produit bio'],https://courses.monoprix.fr/images-v3/0c44253f-c4a3-4340-9d37-d41e42b9d14a/776658a6-910d-4a6e-97bf-59e50180a8e8/300x300.jpg
"Bière, Cave et Spiritueux",d34a2a56-59bd-47f5-b450-8bfb1be34a96,MPX_1401769,E.Guigal Côtes Du Rhône Blanc Aop 75cl,9.99,13.32,"['Bière, Cave et Spiritueux', 'Cave à vins', 'Vin blanc sec', 'Autres Régions']",E.GUIGAL,True,False,false,,,750ml,[],https://courses.monoprix.fr/images-v3/0c44253f-c4a3-4340-9d37-d41e42b9d14a/966c7889-ea6c-43fb-91b7-90c60ada647c/300x300.jpg
"Bière, Cave et Spiritueux",4215d9e1-ee96-418a-9353-6a4968aafb9c,MPX_3164894,Domaine Haut Lirou Aop Pic Saint Loup Vin Rouge 75cl,11.9,15.87,"['Bière, Cave et Spiritueux', 'Cave à vins', 'Vin rouge', 'Autres Régions']",DOMAINE HAUT LIROU,True,False,false,,,750ml,[],https://courses.monoprix.fr/images-v3/0c44253f-c4a3-4340-9d37-d41e42b9d14a/ce207bf6-9515-4106-b76c-3822fbdad07e/300x300.jpg
"Bière, Cave et Spiritueux",ba2fed3f-21e2-4de3-b155-fd10e0b2f023,MPX_3789742,Primitivo Pugliar Integro Vin Rouge Bio 75cl,9.5,12.67,"['Bio', 'Boisson et Cave bio', 'Cave bio']",Primitivo,True,False,false,,,75cl,['Produit bio'],https://courses.monoprix.fr/images-v3/0c44253f-c4a3-4340-9d37-d41e42b9d14a/320493ae-5194-4da2-b325-3c02b16a1fa9/300x300.jpg
"Bière, Cave et Spiritueux",02eab53f-95fa-4d4f-8c6f-2d4e07941d8c,MPX_3059260,Vin De Bourgogne Fontaine Mâcon-Villages Chardonnay Blanc 3L,27.9,9.3,"['Bière, Cave et Spiritueux', 'Cave à vins', 'Fontaine à vin', 'Blanc']",L'Aurore,True,False,false,1.0,MONTH,3L,[],https://courses.monoprix.fr/images-v3/0c44253f-c4a3-4340-9d37-d41e42b9d14a/c5e1a23b-04ed-4d9d-ae14-ffe6a9361cfb/300x300.jpg
"Bière, Cave et Spiritueux",7dae9606-dc6e-4fe3-8e9e-4950a3beb762,MPX_4109702,Pilsner urquell bière pack 6x33cl,9.49,4.79,"['Bière, Cave et Spiritueux', 'Bières et Cidres', 'Cave à Bières']",Pilsner,True,False,false,2.0,MONTH,6 x 330ml,[],https://courses.monoprix.fr/images-v3/0c44253f-c4a3-4340-9d37-d41e42b9d14a/2885b6f8-5d62-4ac9-b637-6c912f3a2808/300x300.jpg
"Bière, Cave et Spiritueux",0d1c50a7-816a-470b-97d5-53056a737577,MPX_3176406,Domaine Roux Aop Quincy. Blanc 75cl,12.9,17.2,"['Nos régions de France', 'Centre Val de Loire', 'Vins']",Domaine Roux,True,False,false,,,750ml,[],https://courses.monoprix.fr/images-v3/0c44253f-c4a3-4340-9d37-d41e42b9d14a/eb6fde0a-570c-4311-8b04-9c340e84f5f7/300x300.jpg
"Bière, Cave et Spiritueux",49a5b0d6-2c54-4dfd-af9b-f58f890483c6,MPX_3071135,Dopff & Irion Vin Pinot Noir Comtes d'Isenbourg Tradition 75cl,8.9,11.87,"['Nos régions de France', 'Grand Est', 'Alsace']",Dopff & Irion,True,False,false,,,75cl,[],https://courses.monoprix.fr/images-v3/0c44253f-c4a3-4340-9d37-d41e42b9d14a/d1af815a-3c87-43a9-b03c-f0013c924f12/300x300.jpg
"Bière, Cave et Spiritueux",ed7881b9-5b84-4470-84c7-d705d6e3af64,MPX_6624772,"Jade Bière Blonde Bio Sans Gluten 4,5% 75cl",4.29,5.72,"['Bière, Cave et Spiritueux', 'Bières et Cidres', 'Bières Blondes']",Jade,True,False,false,2.0,MONTH,750ml,['Produit bio'],https://courses.monoprix.fr/images-v3/0c44253f-c4a3-4340-9d37-d41e42b9d14a/b586863a-860d-42f2-9f53-0c54a29b13b3/300x300.jpg
"Bière, Cave et Spiritueux",124b593f-b911-42e3-baa9-19244cb889fd,MPX_1322,Heineken Bière Blonde 6 x 25cl,4.69,3.13,"['Bière, Cave et Spiritueux', 'Bières et Cidres', 'Bières Blondes']",Heineken,True,False,false,1.0,MONTH,6 x 25cl,[],https://courses.monoprix.fr/images-v3/0c44253f-c4a3-4340-9d37-d41e42b9d14a/57452c91-7a8c-48b1-bd35-fc5c66a702f1/300x300.jpg
"Bière, Cave et Spiritueux",275ceaa0-bbf4-4a6d-bc1e-42a5339821ac,MPX_2046295,[Par Naturalia] Jade Bière blonde bio 6 x 25cl,7.69,5.13,"['Bio', 'Boisson et Cave bio', 'Cave bio']",Jade,True,False,false,1.0,MONTH,6 x 25cl,['Produit bio'],https://courses.monoprix.fr/images-v3/0c44253f-c4a3-4340-9d37-d41e42b9d14a/0a32624a-a7e8-4058-932a-e65be26427b3/300x300.jpg
"Bière, Cave et Spiritueux",986d39fb-71f1-45a9-81cd-2a2e8906ba0f,MPX_3525569,Le Val Igp Oc Cabernet Merlot 75Cl,3.99,5.32,"['Bière, Cave et Spiritueux', 'Cave à vins', 'Vin rouge', 'Vins de pays et Vins de table']",LE VAL,True,False,false,,,75cl,[],https://courses.monoprix.fr/images-v3/0c44253f-c4a3-4340-9d37-d41e42b9d14a/4f02f51a-4fd0-4faa-8dc5-d57abc09012f/300x300.jpg
"Bière, Cave et Spiritueux",e4bdca08-4641-440a-9595-af23adc5420a,MPX_1422031,Monmousseau Crémant De Loire Blanc Brut 75Cl,7.9,10.53,"['Noël', 'Menu des fêtes', 'Les Vins, Effervescents et Alcools']",Monmousseau,True,False,false,,,750ml,[],https://courses.monoprix.fr/images-v3/0c44253f-c4a3-4340-9d37-d41e42b9d14a/1b9860eb-1f9b-4738-b9f4-d3ba232f7d69/300x300.jpg
"Bière, Cave et Spiritueux",105948c9-2b51-4e39-be6f-364f0b71a852,MPX_3513158,3L Bib Tariquet Classic Blanc 3L,19.99,6.66,"['Bière, Cave et Spiritueux', 'Cave à vins', 'Fontaine à vin', 'Blanc']",Domaine Tariquet,True,False,false,,,3L,[],https://courses.monoprix.fr/images-v3/0c44253f-c4a3-4340-9d37-d41e42b9d14a/c1a9e231-5235-41ea-aac2-8f1e45524e15/300x300.jpg
"Bière, Cave et Spiritueux",8ddaed3f-63c2-4c2e-9076-0f4f85343f9a,MPX_1487765,"Roche Mazet Cabernet Sauvignon, Vin Rouge De Pays D'Oc, Cuvée Spéciale, 12,5% Vol. 25cl",1.9,7.6,"['Bière, Cave et Spiritueux', 'Cave à vins', 'Vins à petits prix', 'Vin Rouge']",Roche mazet,True,False,false,,,25cl,[],https://courses.monoprix.fr/images-v3/0c44253f-c4a3-4340-9d37-d41e42b9d14a/7a6a6786-1555-4a38-90b7-5a8c590501db/300x300.jpg
"Bière, Cave et Spiritueux",022187fb-8065-46dc-a69f-9e46f918310f,MPX_2094883,"La Réserve Spéciale Saint-Pourcain Aop, Rouge 75Cl",4.99,6.65,"['Nos régions de France', 'Centre Val de Loire', 'Vins']",La réserve Spéciale,True,False,false,,,750ml,[],https://courses.monoprix.fr/images-v3/0c44253f-c4a3-4340-9d37-d41e42b9d14a/0357aabe-81d1-462e-bee2-a7685c57560f/300x300.jpg
"Bière, Cave et Spiritueux",9b15ebce-38ed-47c9-8353-dd7248666d19,MPX_6610452,Gérard Bertrand 6ème sens rosé 75cl,5.99,7.99,"['Bio', 'Boisson et Cave bio', 'Cave bio']",Gérard Bertrand,True,False,false,,,75cl,['Produit bio'],https://courses.monoprix.fr/images-v3/0c44253f-c4a3-4340-9d37-d41e42b9d14a/b4fa2b12-50a3-4739-8aa1-c05ca69561ab/300x300.jpg
"Bière, Cave et Spiritueux",91be485e-d546-419c-8547-d1e6c49a2de6,MPX_3331137,Sassy Cidre rosé doux la sulfureuse 33cl,3.09,9.36,"['Bière, Cave et Spiritueux', 'Bières et Cidres', 'Cidres']",Sassy,True,False,false,6.0,MONTH,33cl,[],https://courses.monoprix.fr/images-v3/0c44253f-c4a3-4340-9d37-d41e42b9d14a/44df2fd7-bb36-4ede-9022-b763a7b23481/300x300.jpg
"Bière, Cave et Spiritueux",54419234-7978-40bd-90b5-914a7464cc91,MPX_5333649,La Goudale À L’Ancienne Quadrette Bière 7.2° 4x33cl,6.69,5.07,"['Bière, Cave et Spiritueux', 'Bières et Cidres', 'Cave à Bières']",LA GOUDALE,True,False,false,6.0,MONTH,4 x 33cl,[],https://courses.monoprix.fr/images-v3/0c44253f-c4a3-4340-9d37-d41e42b9d14a/2effd7c5-d995-4f50-af4a-c9356aa3c5de/300x300.jpg
"Bière, Cave et Spiritueux",52ef5bf9-0393-4177-b7b4-46e5c3eb8f6c,MPX_646356,"Brouilly Rouge, Brouillly, 12,5% 375ml",5.7,15.2,"['Nos sélections', 'Inspiration du moment', '& Apéro entre amis', 'Boissons et Vins']",NoBrand,True,False,false,,,375ml,[],https://courses.monoprix.fr/images-v3/0c44253f-c4a3-4340-9d37-d41e42b9d14a/d3ff4e0c-a9c9-4101-9ad1-1b2f3c0eab29/300x300.jpg
"Bière, Cave et Spiritueux",655151d2-249f-485d-9d4a-e9bb53cbf118,MPX_1596066,"Roche Mazet Vin De Pays D'Oc Igp, Rouge 75Cl",3.95,5.27,"['Bière, Cave et Spiritueux', 'Cave à vins', 'Vins à petits prix', 'Vin Rouge']",Roche Mazet,True,False,false,,,750ml,['Produit vegan'],https://courses.monoprix.fr/images-v3/0c44253f-c4a3-4340-9d37-d41e42b9d14a/998c63c2-f808-4c86-9f9f-30e6ebbb6033/300x300.jpg
"Bière, Cave et Spiritueux",a7d1aaff-ace3-4d48-a934-b54fcca6fc6b,MPX_1513053,Domaine Tariquet Igp Côtes De Gascogne Classic Blanc 75Cl,6.95,9.27,"['Bière, Cave et Spiritueux', 'Cave à vins', 'Vin blanc sec', 'Sud-Ouest']",Domaine Tariquet,True,False,false,,,750ml,[],https://courses.monoprix.fr/images-v3/0c44253f-c4a3-4340-9d37-d41e42b9d14a/338765eb-6bd2-4274-ad3e-74ea22ae70bb/300x300.jpg
"Bière, Cave et Spiritueux",fa9dce36-a198-4eda-9552-cd6926a95f2d,MPX_3011294,Croix D'Albret Bordeaux Rouge Bio 3L,16.9,5.63,"['Bio', 'Boisson et Cave bio', 'Cave bio']",croix d'albret,True,False,false,,,3L,['Produit bio'],https://courses.monoprix.fr/images-v3/0c44253f-c4a3-4340-9d37-d41e42b9d14a/cf07065b-f1e7-4e0e-a39c-bea468a8f553/300x300.jpg
"Bière, Cave et Spiritueux",4c72e01d-fb92-43ea-a3ad-6f30b78ebd20,MPX_2638032,Festillant Blanc Boisson à Base de Vin Effervescent sans alcool 75cl,4.19,5.59,"['Bière, Cave et Spiritueux', 'Cave à vins', 'Vins Sans alcool']",Festillant,True,False,false,6.0,MONTH,750ml,[],https://courses.monoprix.fr/images-v3/0c44253f-c4a3-4340-9d37-d41e42b9d14a/744845fd-5773-498e-a83a-146840a48ffc/300x300.jpg
"Bière, Cave et Spiritueux",f5513bae-624d-4a8e-8383-12648d0e7bc7,MPX_3635265,Brewdog Bière Punk sans alcool 33cl,2.49,7.55,"['Bière, Cave et Spiritueux', 'Bières et Cidres', 'Bières sans Alcool et Panachés']",BREWDOG,True,False,false,1.0,MONTH,330ml,[],https://courses.monoprix.fr/images-v3/0c44253f-c4a3-4340-9d37-d41e42b9d14a/cf676cc6-3df7-4200-b748-9e4f5e91c07a/300x300.jpg
"Bière, Cave et Spiritueux",a3d6fb69-261d-446d-adf5-ec6aa32c1ee2,MPX_4727064,La Burgondie Bourgogne Aligote AOP 75cl,7.5,10.0,"['Bière, Cave et Spiritueux', 'Cave à vins', 'Vin blanc sec', 'Bourgogne']",LA BURGONDIE,True,False,false,,,75cl,[],https://courses.monoprix.fr/images-v3/0c44253f-c4a3-4340-9d37-d41e42b9d14a/0ac30b59-fdc1-4582-baa0-12dd9c03f5a7/300x300.jpg
"Bière, Cave et Spiritueux",5e3bd335-ed77-44c2-bd70-94524c6501a6,MPX_1878408,Daguet de Berticot Vin Blanc Sauvignon Sud Ouest IGP Atlantique 75cl,3.6,4.8,"['Bière, Cave et Spiritueux', 'Cave à vins', 'Vins à petits prix', 'Vin Blanc']",Daguet de berticot,True,False,false,,,75cl,[],https://courses.monoprix.fr/images-v3/0c44253f-c4a3-4340-9d37-d41e42b9d14a/17869842-126b-4cd4-8e25-b040a327d389/300x300.jpg
"Bière, Cave et Spiritueux",f9c43819-33bb-49be-ad62-fafac14ecfe7,MPX_1170899,Paul Buisse Saint Nicolas De Bourgueil Aop Rouge 75 Cl,7.5,10.0,"['Nos sélections', 'Inspiration du moment', '& Fondus de la raclette', 'Vins']",PAUL BUISSE,True,False,false,,,750ml,[],https://courses.monoprix.fr/images-v3/0c44253f-c4a3-4340-9d37-d41e42b9d14a/576a364c-3945-413d-9019-98e864b9546f/300x300.jpg
"Bière, Cave et Spiritueux",50c853e7-db4c-4421-93fe-28571b4d2815,MPX_722112,Sir Edward'S Whisky Ecosse Blended 40% Vol. 1L,18.9,18.9,"['Bière, Cave et Spiritueux', 'Alcool et Cocktail', 'Whisky']",Sir Edward's,True,False,false,,,1L,[],https://courses.monoprix.fr/images-v3/0c44253f-c4a3-4340-9d37-d41e42b9d14a/aadb4fdd-018e-48e9-8336-0e7d070c5fd0/300x300.jpg
"Bière, Cave et Spiritueux",28493391-54fb-44b9-8d1b-1cb6cfd07aee,MPX_2095257,Saint-Pourçain 75Cl,4.99,6.65,"['Nos régions de France', 'Centre Val de Loire', 'Vins']",Saint-Pourçain,True,False,false,,,750ml,[],https://courses.monoprix.fr/images-v3/0c44253f-c4a3-4340-9d37-d41e42b9d14a/425c9544-4b97-4b45-980c-dd5d3b24a089/300x300.jpg
"Bière, Cave et Spiritueux",365c8227-8349-4ecb-b5fe-5d2854133eba,MPX_4080396,La Chouffe Bière Blonde 75Cl,5.85,7.8,"['Bière, Cave et Spiritueux', 'Bières et Cidres', 'Bières Blondes']",Chouffe,True,False,false,6.0,MONTH,75cl,[],https://courses.monoprix.fr/images-v3/0c44253f-c4a3-4340-9d37-d41e42b9d14a/7d98e66a-903e-4ccd-9cff-a7abfe8e8c6e/300x300.jpg
"Bière, Cave et Spiritueux",0b402742-2b22-410e-8ca9-8f957f0c1ea1,MPX_2339144,Porto De Oro Porto Rouge 19° 75 Cl,7.49,9.99,"['Bière, Cave et Spiritueux', 'Alcool et Cocktail', 'Boisson apéritive']",Monoprix,True,False,false,,,750ml,[],https://courses.monoprix.fr/images-v3/0c44253f-c4a3-4340-9d37-d41e42b9d14a/831092a6-ddca-42f1-b8cc-fa389ebfea53/300x300.jpg
"Bière, Cave et Spiritueux",3be5cd09-5a36-45e5-abad-9da97b959d7f,MPX_1639413,Leffe Bière Ruby Pack 6X25 cl,6.29,4.19,"['Bière, Cave et Spiritueux', 'Bières et Cidres', 'Bières Blanches et Aromatisées']",Leffe,True,False,false,1.0,MONTH,6 x 25cl,[],https://courses.monoprix.fr/images-v3/0c44253f-c4a3-4340-9d37-d41e42b9d14a/c9f3ff33-35c5-45f9-92a1-fc65262a821f/300x300.jpg
"Bière, Cave et Spiritueux",5a9941d3-9ffe-4329-8c43-652d9ba699cc,MPX_2156659,"Monoprix London Dry Gin 37,5%Vol. 70cl",11.5,16.43,"['Mes marques Monoprix', 'Monoprix', 'Boissons', 'Alcool']",Monoprix,True,False,false,,,700ml,[],https://courses.monoprix.fr/images-v3/0c44253f-c4a3-4340-9d37-d41e42b9d14a/2681b87e-1e87-45e4-b5c4-809e9b4e4fdd/300x300.jpg
"Bière, Cave et Spiritueux",c722c286-f742-4f37-a546-629e4231b10c,MPX_803459,J&B Rare Blended Soctch Whisky 1L,23.9,23.9,"['Bière, Cave et Spiritueux', 'Alcool et Cocktail', 'Whisky']",J&B,True,False,false,,,1L,[],https://courses.monoprix.fr/images-v3/0c44253f-c4a3-4340-9d37-d41e42b9d14a/aed8dc13-8d92-4d27-8637-2de7c7f49c2b/300x300.jpg
"Bière, Cave et Spiritueux",262c149f-173f-4411-893c-b03befe6dfa1,MPX_2350110,Colombo Et Fille Aop Côtes-Du-Rhône 75cl,7.95,10.6,"['Bière, Cave et Spiritueux', 'Cave à vins', 'Vin rouge', 'Rhône']",Colombo & Fille,True,False,false,,,750ml,[],https://courses.monoprix.fr/images-v3/0c44253f-c4a3-4340-9d37-d41e42b9d14a/0b831c84-b11b-47b7-b198-9e91860b1f8a/300x300.jpg
"Bière, Cave et Spiritueux",d5441f70-3140-4dfc-85b9-b435daffd540,MPX_6715128,Ninkasi Brut Bière Ipa 44cl,3.19,7.25,"['Bière, Cave et Spiritueux', 'Bières et Cidres', 'Bières en Canettes']",NINKASI,True,False,false,2.0,MONTH,44cl,[],https://courses.monoprix.fr/images-v3/0c44253f-c4a3-4340-9d37-d41e42b9d14a/d72c191b-0a68-4e82-9d17-2ec4edee4a83/300x300.jpg
"Bière, Cave et Spiritueux",be0c10d5-04c7-4f06-a4af-8602f3738ad3,MPX_1704121,Freixenet vin pétillant rosé la bouteille de 75cl,6.89,9.19,"['Noël', 'Menu des fêtes', 'Les Vins, Effervescents et Alcools']",Freixenet,True,False,false,,,750ml,['Produit bio'],https://courses.monoprix.fr/images-v3/0c44253f-c4a3-4340-9d37-d41e42b9d14a/77147f4e-fd01-4800-83db-c1eb0e3d4d3f/300x300.jpg
"Bière, Cave et Spiritueux",44db8638-b983-4d24-94a2-3de1743218fa,MPX_3059436,Nobrand Aoc Luberon Blanc Prieure 3L,11.99,4.0,"['Bière, Cave et Spiritueux', 'Cave à vins', 'Fontaine à vin', 'Blanc']",NoBrand,True,False,false,,,3L,[],https://courses.monoprix.fr/images-v3/0c44253f-c4a3-4340-9d37-d41e42b9d14a/4ab02a50-4eee-48fd-9380-e12311203a76/300x300.jpg
"Bière, Cave et Spiritueux",b9054bb4-3093-4e29-a64a-3e566edf8c8d,MPX_802076,Pelforth Brune Bière Du Nord Canette 50 Cl,1.79,3.58,"['Bière, Cave et Spiritueux', 'Bières et Cidres', 'Bières Brunes et Ambrées']",Pelforth,True,False,false,2.0,WEEK,500ml,[],https://courses.monoprix.fr/images-v3/0c44253f-c4a3-4340-9d37-d41e42b9d14a/6845c7e0-5855-47e9-8059-8086efa74222/300x300.jpg
"Bière, Cave et Spiritueux",566c2467-2fa0-4540-b11c-107618c27a82,MPX_1035850,"Nobrand Vin Biologique De Pays Du Gard Igp, Rouge 75cl",4.99,6.65,"['Bio', 'Boisson et Cave bio', 'Cave bio']",Domaine de la Tour ,True,False,false,,,750ml,['Produit bio'],https://courses.monoprix.fr/images-v3/0c44253f-c4a3-4340-9d37-d41e42b9d14a/8bd8bd39-f66d-4ad6-b309-f05fd55dd46c/300x300.jpg
"Bière, Cave et Spiritueux",5fd4f98b-1918-449b-91bc-2f14f28d8d96,MPX_2218350,Domaine De Pontfract rosé AOP côtes de provence 75cl,7.9,10.53,"['Bière, Cave et Spiritueux', 'Cave à vins', 'Vin rosé', 'Provence et Corse']",LES VINS BREBAN,True,False,false,,,750ml,[],https://courses.monoprix.fr/images-v3/0c44253f-c4a3-4340-9d37-d41e42b9d14a/4aee068b-c725-4440-a1b7-a6c33a9ee08a/300x300.jpg
"Bière, Cave et Spiritueux",dfb55ecf-4fce-4232-a087-7caefbcee9a9,MPX_763,"G.H. Mumm Champagne Aop, Brut 37,5Cl",17.75,47.33,"['Bière, Cave et Spiritueux', 'Cave à vins', 'Demi-bouteille', 'Champagne']",Mumm,True,False,false,,,375ml,[],https://courses.monoprix.fr/images-v3/0c44253f-c4a3-4340-9d37-d41e42b9d14a/c451da2f-a80d-4735-a010-213c07803a1c/300x300.jpg
"Bière, Cave et Spiritueux",888601f8-f339-4769-960f-b41ad1816a03,MPX_6622445,Berne Inspiration Côte de Provence rosé 75cl,12.5,16.67,"['Bière, Cave et Spiritueux', 'Cave à vins', 'Vin rosé', 'Provence et Corse']",Berne Inspiration,True,False,false,,,75cl,[],https://courses.monoprix.fr/images-v3/0c44253f-c4a3-4340-9d37-d41e42b9d14a/5828f182-f117-4a3c-a303-1dd9320a769f/300x300.jpg
"Bière, Cave et Spiritueux",400babc4-8948-422f-9181-0c910c943806,MPX_2774927,Mort Subite Lambic Kriek Bière Blonde Belge Aromatisée Cerise 33 Cl 4°,2.09,6.33,"['Bière, Cave et Spiritueux', 'Bières et Cidres', 'Cave à Bières']",Kriek,True,False,false,1.0,MONTH,330ml,[],https://courses.monoprix.fr/images-v3/0c44253f-c4a3-4340-9d37-d41e42b9d14a/4014c982-e631-407a-b3ab-ff5593892ebf/300x300.jpg
"Bière, Cave et Spiritueux",2a8b0565-0d68-4d87-8ca1-cc8f8efb3926,MPX_2986589,Guy Saget A.O.P. Muscadet Sèvre Et Maine Sur Lie Blanc La Perrière 75Cl,5.8,7.73,"['Bière, Cave et Spiritueux', 'Cave à vins', 'Vin blanc sec', 'Loire']",NoBrand,True,False,false,,,750ml,[],https://courses.monoprix.fr/images-v3/0c44253f-c4a3-4340-9d37-d41e42b9d14a/4588cf4d-6649-43bc-b8a5-ade984f4a9ed/300x300.jpg
"Bière, Cave et Spiritueux",8f26a280-a330-4654-9c4a-a197fecfe737,MPX_1399454,Leffe triple Bière Blonde Abbaye pack 6x25cl,6.89,4.59,"['Bière, Cave et Spiritueux', 'Bières et Cidres', 'Bières Blondes']",Leffe Triple,True,False,false,2.0,WEEK,6 x 25cl,['Produit bio'],https://courses.monoprix.fr/images-v3/0c44253f-c4a3-4340-9d37-d41e42b9d14a/2a55d1e2-9ba4-4fa0-8a6d-73583f969745/300x300.jpg
"Bière, Cave et Spiritueux",11c59ef6-5c14-4dea-939b-c2ebe158f07d,MPX_148075,"Bruther Champagne Aop, Brut 75Cl",19.9,26.53,"['Bière, Cave et Spiritueux', 'Cave à vins', 'Champagne', 'Champagne Brut']",Bruther,True,False,false,,,750ml,[],https://courses.monoprix.fr/images-v3/0c44253f-c4a3-4340-9d37-d41e42b9d14a/c43b9c58-29ca-4d2f-ab8e-3993145e18fc/300x300.jpg
"Bière, Cave et Spiritueux",f5930bec-2871-4870-8e30-6d4ce1371520,MPX_3329662,Grimbergen Bière Blonde D'Abbaye 12 X 25 cl,11.9,3.97,"['Bière, Cave et Spiritueux', 'Bières et Cidres', 'Bières Blondes']",Grimbergen,True,False,false,2.0,MONTH,12 x 25cl,[],https://courses.monoprix.fr/images-v3/0c44253f-c4a3-4340-9d37-d41e42b9d14a/87793309-ada8-403b-b502-083a4d2a9bb7/300x300.jpg
"Bière, Cave et Spiritueux",f399b22f-6095-4a35-ae14-b0cfa3f6df53,MPX_171022,Desperados Original Bière aromatisée à un spiritueux à base d'agave 50cl,2.15,4.3,"['Bière, Cave et Spiritueux', 'Bières et Cidres', 'Bières Blanches et Aromatisées']",Desperados,True,False,false,1.0,MONTH,50cl,[],https://courses.monoprix.fr/images-v3/0c44253f-c4a3-4340-9d37-d41e42b9d14a/7f82165f-e2a5-409d-b100-e4cede62d982/300x300.jpg
"Bière, Cave et Spiritueux",ed7ba08b-ca6e-429b-9946-0d6689ab688b,MPX_3564256,Assemblage Terres D'Argile 75cl,6.9,9.2,"['Bière, Cave et Spiritueux', 'Cave à vins', 'Vin blanc sec', 'Vins de pays et Vins de table']",LORGERIL,True,False,false,,,750ml,[],https://courses.monoprix.fr/images-v3/0c44253f-c4a3-4340-9d37-d41e42b9d14a/6514369f-b4ec-48c8-ab31-9432e276a1ed/300x300.jpg
"Bière, Cave et Spiritueux",2e28ff29-ce33-4319-9e78-80ed84355574,MPX_2442870,Monoprix Gourmet cidre artisanal bouché 75cl,3.25,4.33,"['Bière, Cave et Spiritueux', 'Bières et Cidres', 'Cidres']",Monoprix Gourmet,True,False,false,,,750ml,[],https://courses.monoprix.fr/images-v3/0c44253f-c4a3-4340-9d37-d41e42b9d14a/bbda1fe2-e3b9-4e1a-86b3-7ba7cc0ea4c4/300x300.jpg
"Bière, Cave et Spiritueux",78658a0d-7488-42e7-ab5a-34b62a01a5ab,MPX_6616091,Brewdog hazy jane 5.0 boite 50cl,3.45,6.9,"['Bière, Cave et Spiritueux', 'Bières et Cidres', 'Cave à Bières']",Brewdog,True,False,false,2.0,MONTH,50cl,[],https://courses.monoprix.fr/images-v3/0c44253f-c4a3-4340-9d37-d41e42b9d14a/a9b055d2-b16d-4447-80c2-86219959dda5/300x300.jpg
"Bière, Cave et Spiritueux",ce4173ec-d074-4acd-a8f2-dd25ba01c2a1,MPX_82214,William Peel Blended Scotch Whisky 100cl,17.5,17.5,"['Bière, Cave et Spiritueux', 'Alcool et Cocktail', 'Whisky']",William peel,True,False,false,,,1L,[],https://courses.monoprix.fr/images-v3/0c44253f-c4a3-4340-9d37-d41e42b9d14a/142350d0-dd94-420d-95aa-a7a6046709f7/300x300.jpg
"Bière, Cave et Spiritueux",6306a95e-e75c-4d52-abc1-a4e89e7a1cf2,MPX_4201660,Monoprix Gourmet cidre artisanal rosé 75cl,3.35,4.47,"['Bière, Cave et Spiritueux', 'Bières et Cidres', 'Cidres']",Monoprix Gourmet,True,False,false,,,75cl,[],https://courses.monoprix.fr/images-v3/0c44253f-c4a3-4340-9d37-d41e42b9d14a/ea247f4e-73ef-4569-a190-df128b18587d/300x300.jpg
"Bière, Cave et Spiritueux",8139a2d2-94c4-41b7-8445-41f6c4114bbc,MPX_3776521,Pompon Rouge Vin De France Blanc75cl,2.99,3.99,"['Bière, Cave et Spiritueux', 'Cave à vins', 'Vins à petits prix', 'Vin Blanc']",POMPON ROUGE,True,False,false,,,750ml,[],https://courses.monoprix.fr/images-v3/0c44253f-c4a3-4340-9d37-d41e42b9d14a/a911cd93-1ec7-441f-a66b-00051f5530f5/300x300.jpg
"Bière, Cave et Spiritueux",bb4e9ef5-17a5-4177-88ca-b83ba2fe9014,MPX_1664939,"Chablis Grand Vin De Bourgogne, 12,5% 5cl",7.9,21.07,"['Bière, Cave et Spiritueux', 'Cave à vins', 'Vin blanc sec', 'Bordeaux']",Chablis,True,False,false,,,375ml,[],https://courses.monoprix.fr/images-v3/0c44253f-c4a3-4340-9d37-d41e42b9d14a/cbfd0374-8400-4016-bae4-6c54a741bcf7/300x300.jpg
"Bière, Cave et Spiritueux",9b34dca9-d1c2-407b-86e0-a41e3418f8c4,MPX_1804022,"Bô Rivage AOP Bandol, Rosé 75cl",8.7,11.6,"['Bio', 'Boisson et Cave bio', 'Cave bio']",LES VINS BREBAN,True,False,false,,,750ml,[],https://courses.monoprix.fr/images-v3/0c44253f-c4a3-4340-9d37-d41e42b9d14a/60edb708-d768-4644-8313-058f11d2d35e/300x300.jpg
"Bière, Cave et Spiritueux",34468ca6-a693-44b9-bd7d-4385afc6414f,MPX_3499539,Budweiser Bière malte d'orge 6 x 33cl,9.55,4.82,"['Bière, Cave et Spiritueux', 'Bières et Cidres', 'Bières Blondes']",Bud,True,False,false,1.0,MONTH,6 x 33cl,[],https://courses.monoprix.fr/images-v3/0c44253f-c4a3-4340-9d37-d41e42b9d14a/25f8ab07-7b65-499f-be87-52238376b912/300x300.jpg
"Bière, Cave et Spiritueux",5da448aa-7378-4e8f-ab00-a0e96e6482af,MPX_2512,Baileys Crème de whisky The Original 70cl,17.9,25.57,"['Bière, Cave et Spiritueux', 'Alcool et Cocktail', 'Crème et Liqueur']",Baileys,True,False,false,6.0,MONTH,70cl,[],https://courses.monoprix.fr/images-v3/0c44253f-c4a3-4340-9d37-d41e42b9d14a/c5a52ce2-a1ac-4953-b693-5f7747edc28f/300x300.jpg
"Bière, Cave et Spiritueux",8975e721-1e1b-4deb-9732-c749f787df2f,MPX_4214418,Paulaner Hefe Weissbier Bière sans Alcool 50cl,2.15,4.3,"['Bière, Cave et Spiritueux', 'Bières et Cidres', 'Bières sans Alcool et Panachés']",PAULANER,True,False,false,2.0,MONTH,500ml,[],https://courses.monoprix.fr/images-v3/0c44253f-c4a3-4340-9d37-d41e42b9d14a/adc41522-df1a-4fdc-8b0b-50d70f6c051a/300x300.jpg
"Bière, Cave et Spiritueux",74aa1925-3b10-4306-ae0c-bbee438fdbe9,MPX_3070048,Château Minuty Prestige Minuty Côtes De Provence Rosé 75Cl,19.9,26.53,"['Nos sélections', 'Inspiration du moment', '& Barbecue', 'Bière, Cave et Spiritueux']",Minuty,True,False,false,,,750ml,[],https://courses.monoprix.fr/images-v3/0c44253f-c4a3-4340-9d37-d41e42b9d14a/868e56f0-86d2-4d81-9d71-713507571cd1/300x300.jpg
"Bière, Cave et Spiritueux",86b1d2fe-057f-484d-b73b-a64650778c70,MPX_1947613,Domaine Du Tariquet Premières Grives Igp Gascogne Blanc 75Cl,9.95,13.27,"['Bière, Cave et Spiritueux', 'Cave à vins', 'Vin blanc sec', 'Sud-Ouest']",Domaine du Tariquet,True,False,false,,,750ml,[],https://courses.monoprix.fr/images-v3/0c44253f-c4a3-4340-9d37-d41e42b9d14a/2a7bbb15-1b86-4767-8029-7bdfb3b7a28d/300x300.jpg
"Bière, Cave et Spiritueux",95a2cb49-fca8-4cb0-9742-a91f09f50ec9,MPX_3740954,"Desperados Virgin Bière Sans Alcool 0,0% 3x33cl",3.99,4.03,"['Bière, Cave et Spiritueux', 'Bières et Cidres', 'Bières sans Alcool et Panachés']",Desperados,True,False,false,1.0,MONTH,3 x 33cl,[],https://courses.monoprix.fr/images-v3/0c44253f-c4a3-4340-9d37-d41e42b9d14a/4e62ae26-bcab-45fb-9f59-615b938c9069/300x300.jpg
"Bière, Cave et Spiritueux",55b9d921-73c7-4490-8a21-9dcd26a8ed90,MPX_3524762,"Affligem Bière D'Abbaye Sans Alcool 0,0% 6x25cl",5.75,3.83,"['Bière, Cave et Spiritueux', 'Bières et Cidres', 'Bières sans Alcool et Panachés']",Affligem,True,False,false,1.0,MONTH,6 x 25cl,[],https://courses.monoprix.fr/images-v3/0c44253f-c4a3-4340-9d37-d41e42b9d14a/b879a33c-c779-4aaf-bd69-94e23b94abbd/300x300.jpg
"Bière, Cave et Spiritueux",5606a7d7-8824-49b3-9e1a-df0892efedd6,MPX_970199,Perrière Blanc Sancerre 75Cl,17.5,23.33,"['Nos régions de France', 'Centre Val de Loire', 'Vins']",NoBrand,True,False,false,,,750ml,[],https://courses.monoprix.fr/images-v3/0c44253f-c4a3-4340-9d37-d41e42b9d14a/b5d4052c-af85-40e3-a049-d9def464c8bd/300x300.jpg
"Bière, Cave et Spiritueux",0729e0bc-46c2-46df-8984-d77dcdc71550,MPX_6570755,Monoprix x briarde bière session pale ale 33cl,2.19,6.64,"['Bière, Cave et Spiritueux', 'Bières et Cidres', 'Cave à Bières']",Monoprix X Briarde,True,False,false,2.0,MONTH,33cl,[],https://courses.monoprix.fr/images-v3/0c44253f-c4a3-4340-9d37-d41e42b9d14a/7ba48172-8b6b-4fa9-b229-79c6a36251bc/300x300.jpg
"Bière, Cave et Spiritueux",4921862a-fea0-4676-96c3-25c7c40ae818,MPX_1469122,Poliakov Vodka 20cl,4.65,23.25,"['Bière, Cave et Spiritueux', 'Alcool et Cocktail', 'Vodka, Gin et Tequila']",Poliakov,True,False,false,,,200ml,[],https://courses.monoprix.fr/images-v3/0c44253f-c4a3-4340-9d37-d41e42b9d14a/b181a0b4-a36c-4b30-aecb-1a98e1fc061a/300x300.jpg
"Bière, Cave et Spiritueux",a1523e55-c34e-4c45-b6ac-78eea6e4c8f0,MPX_3564543,Aberlour Whisky single malt scotch 10 ans 70cl,28.5,40.71,"['Bière, Cave et Spiritueux', 'Alcool et Cocktail', 'Whisky']",Aberlour,True,False,false,,,70cl,[],https://courses.monoprix.fr/images-v3/0c44253f-c4a3-4340-9d37-d41e42b9d14a/c6c0bec6-7ccf-4349-a116-f038e156d1c7/300x300.jpg
"Bière, Cave et Spiritueux",ebaa1702-1c03-40a1-ba95-8b55564dede9,MPX_3476966,Sassy Cidre L'Inimitable 75cl,6.69,8.92,"['Bière, Cave et Spiritueux', 'Bières et Cidres', 'Cidres']",MAISON SASSY,True,False,false,6.0,MONTH,75cl,[],https://courses.monoprix.fr/images-v3/0c44253f-c4a3-4340-9d37-d41e42b9d14a/651b4904-b66a-4e9d-a52f-0d8169926e5b/300x300.jpg
"Bière, Cave et Spiritueux",af885c72-f0e5-45e1-a3ce-7cb24bfdfdd0,MPX_4215121,Ruinart champagne brut sans étui 75cl,59.9,79.87,"['Noël', 'Menu des fêtes', 'Les Champagnes']",Ruinart,True,False,false,,,750ml,['Produit végétarien'],https://courses.monoprix.fr/images-v3/0c44253f-c4a3-4340-9d37-d41e42b9d14a/cf5b0f46-e149-4143-8091-259dc8d552a2/300x300.jpg
"Bière, Cave et Spiritueux",65624c78-a989-4c07-b41e-ec98d9cddf53,MPX_6726051,Kwak Blonde 50cl,2.39,4.78,"['Bière, Cave et Spiritueux', 'Bières et Cidres', 'Bières Blondes']",Kwak,True,False,false,2.0,MONTH,50cl,[],https://courses.monoprix.fr/images-v3/0c44253f-c4a3-4340-9d37-d41e42b9d14a/e1d56813-78d6-46cb-9fcb-d4251ec88405/300x300.jpg
"Bière, Cave et Spiritueux",17624bf9-370a-470a-bb4d-9d34cc9d6e5e,MPX_2811624,Heineken bière blonde 12 x 33 cl 5°,11.9,3.01,"['Bière, Cave et Spiritueux', 'Bières et Cidres', 'Bières Blondes']",Heineken,True,False,false,1.0,MONTH,12 x 33cl,[],https://courses.monoprix.fr/images-v3/0c44253f-c4a3-4340-9d37-d41e42b9d14a/26df2ac6-2e5e-4e6f-87d7-f7735297e72d/300x300.jpg
"Bière, Cave et Spiritueux",a840d4db-966e-4cde-b392-f990d66e1c97,MPX_1703894,"Château De Beaulieu Côtes-Du-Rhône Aop, Rouge 75Cl",5.9,7.87,"['Bière, Cave et Spiritueux', 'Cave à vins', 'Vin rouge', 'Rhône']",Château De Beaulieu,True,False,false,,,750ml,[],https://courses.monoprix.fr/images-v3/0c44253f-c4a3-4340-9d37-d41e42b9d14a/39eba1fd-3478-497d-b523-7c3e281d42ec/300x300.jpg
"Bière, Cave et Spiritueux",490cba2f-1c0a-4e07-a680-06ea61aeaa53,MPX_1876464,"Château Musset Chevalier Saint-Émilion Grand Cru, Grand Vin Rouge De Bordeaux 375ml",7.9,21.07,"['Bière, Cave et Spiritueux', 'Cave à vins', 'Vin rouge', 'Bordeaux']",Château Musset Chevalier,True,False,false,,,375ml,[],https://courses.monoprix.fr/images-v3/0c44253f-c4a3-4340-9d37-d41e42b9d14a/a17acce8-478f-4b50-967c-615bf607e4fd/300x300.jpg
"Bière, Cave et Spiritueux",2d5fc968-8726-4439-b831-5c5e8648067e,MPX_6592677,Jenlain Bière Blonde 50cl,1.89,3.78,"['Bière, Cave et Spiritueux', 'Bières et Cidres', 'Bières Blondes']",Jenlain,True,False,false,2.0,MONTH,50cl,[],https://courses.monoprix.fr/images-v3/0c44253f-c4a3-4340-9d37-d41e42b9d14a/c61c7bab-9eb8-4a62-8a3c-0451bdd611d5/300x300.jpg
"Bière, Cave et Spiritueux",3e5cbfb4-0f64-459f-b4b2-672acabd029e,MPX_4080416,"Tourtel Twist Bière sans Alcool au Jus de Framboise 6 x 27,5cl",4.99,3.02,"['Bière, Cave et Spiritueux', 'Bières et Cidres', 'Bières sans Alcool et Panachés']",Tourtel,True,False,false,2.0,MONTH,6 x 27.5cl,[],https://courses.monoprix.fr/images-v3/0c44253f-c4a3-4340-9d37-d41e42b9d14a/91c52ab3-d64d-4681-b7a8-a26b746779fd/300x300.jpg
"Bière, Cave et Spiritueux",3e1ec717-c7c5-4ac0-a901-6f7bab537079,MPX_1859141,"Absolut Vodka, 40% Vol. 100cl",25.9,25.9,"['Bière, Cave et Spiritueux', 'Alcool et Cocktail', 'Vodka, Gin et Tequila']",Absolut,True,False,false,,,1L,[],https://courses.monoprix.fr/images-v3/0c44253f-c4a3-4340-9d37-d41e42b9d14a/67057477-f6a7-4060-a4bc-efe4b659de67/300x300.jpg
"Bière, Cave et Spiritueux",a63fa31c-2888-44c0-95fb-275cad9f0d7b,MPX_1893403,"Félicien Brou Vouvray Aop, Brut 75l",7.99,10.65,"['Bière, Cave et Spiritueux', 'Cave à vins', 'Mousseux et Crémant']",BLANC FOUSSY,True,False,false,,,750ml,[],https://courses.monoprix.fr/images-v3/0c44253f-c4a3-4340-9d37-d41e42b9d14a/c961053e-c588-483c-8fb7-631a39597305/300x300.jpg
"Bière, Cave et Spiritueux",9d4dcfc5-d87b-4aed-9211-6a30b508beb9,MPX_6615212,"La Mordue hard cider ipa 7% 27,5 cl",1.35,4.91,"['Bière, Cave et Spiritueux', 'Bières et Cidres', 'Cave à Bières']",La Mordue,True,False,false,2.0,MONTH,27.5cl,[],https://courses.monoprix.fr/images-v3/0c44253f-c4a3-4340-9d37-d41e42b9d14a/64a877b4-91ef-4bde-91cf-6ab5d30e537a/300x300.jpg
"Bière, Cave et Spiritueux",c98c8209-5b6b-4b5e-a654-5ca04fec8bdb,MPX_1176857,"Paul Buisse Bourgueil Aop, Rouge 75cl",6.49,8.65,"['Bière, Cave et Spiritueux', 'Cave à vins', 'Vin rouge', 'Loire']",PAUL BUISSE,True,False,false,,,750ml,[],https://courses.monoprix.fr/images-v3/0c44253f-c4a3-4340-9d37-d41e42b9d14a/f65c610f-02b2-4b44-9b2c-48a8216fe2c6/300x300.jpg
"Bière, Cave et Spiritueux",273831ce-8153-4152-9377-6c9a3d4c29d0,MPX_6626125,Vénus bière sans sucre bio 33cl,2.99,9.06,"['Bière, Cave et Spiritueux', 'Bières et Cidres', 'Cave à Bières']",Vénus,True,False,false,,,330ml,['Produit bio'],https://courses.monoprix.fr/images-v3/0c44253f-c4a3-4340-9d37-d41e42b9d14a/831bf8c4-27e2-44d2-9cee-8cbf6d80c662/300x300.jpg
"Bière, Cave et Spiritueux",4a22f320-de55-4afb-8b89-e6695d034dd7,MPX_3550146,La Roche Mazet Roche Mazet Cabernet Sauvignon Rouge Cub. 3L 3L,14.5,4.83,"['Bière, Cave et Spiritueux', 'Cave à vins', 'Fontaine à vin', 'Rouge']",Roche Mazet,True,False,false,,,3L,[],https://courses.monoprix.fr/images-v3/0c44253f-c4a3-4340-9d37-d41e42b9d14a/709e4559-3ef5-4892-b6db-422861564b86/300x300.jpg
"Bière, Cave et Spiritueux",90574ffb-ee0b-41ba-9210-639dab807700,MPX_6615630,L.B.F bière blonde pale ale- 5% vol 33cl,3.09,9.36,"['Bière, Cave et Spiritueux', 'Bières et Cidres', 'Cave à Bières']",L.B.F,True,False,false,2.0,MONTH,33cl,['Produit végétarien'],https://courses.monoprix.fr/images-v3/0c44253f-c4a3-4340-9d37-d41e42b9d14a/ac2bf6e2-16d6-4ab1-97b8-0fa7ab8aba75/300x300.jpg
"Bière, Cave et Spiritueux",d519fa79-81c9-4d43-98f5-891ab1328c81,MPX_3988462,"La Débauche Bière Alma Session Ipa 4,5% Vol 33cl",3.85,11.67,"['Bière, Cave et Spiritueux', 'Bières et Cidres', 'Cave à Bières']",La Debauche,True,False,false,2.0,MONTH,33cl,[],https://courses.monoprix.fr/images-v3/0c44253f-c4a3-4340-9d37-d41e42b9d14a/72bc50ad-eb9b-46b4-a680-58c48cc6caa3/300x300.jpg
"Bière, Cave et Spiritueux",9d762600-3dc1-4275-bb72-d7c35527dc27,MPX_4195841,Rebelles Chardonnay Beurré Vin Blanc de France 75cl,4.99,6.65,"['Bière, Cave et Spiritueux', 'Cave à vins', 'Vin blanc sec', 'Autres Régions']",NoBrand,True,False,false,,,750ml,[],https://courses.monoprix.fr/images-v3/0c44253f-c4a3-4340-9d37-d41e42b9d14a/1da9a30d-3043-477b-b9f0-054c2105e550/300x300.jpg
"Bière, Cave et Spiritueux",65c07c84-5051-4c0e-8e36-e50e7f8cfe6e,MPX_1935702,Domaine Fiumicicoli Corse Sartene Aop Rosé Bio 75Cl,12.99,17.32,"['Bio', 'Boisson et Cave bio', 'Cave bio']",NoBrand,True,False,false,,,750ml,['Produit bio'],https://courses.monoprix.fr/images-v3/0c44253f-c4a3-4340-9d37-d41e42b9d14a/d36ee8b6-904b-4798-94fd-f4e1dd7d850c/300x300.jpg
"Bière, Cave et Spiritueux",782de40e-279c-4f69-966a-8d2d3289e854,MPX_28163,Piper-Heidsieck Champagne Cuvée Brut Aop 75cl,31.9,42.53,"['Bière, Cave et Spiritueux', 'Cave à vins', 'Champagne', 'Champagne Brut']",Piper heidsieck,True,False,false,,,75cl,[],https://courses.monoprix.fr/images-v3/0c44253f-c4a3-4340-9d37-d41e42b9d14a/c1dd8e38-5bed-41e5-b6d7-c3c9806c950f/300x300.jpg
"Bière, Cave et Spiritueux",a784411f-b2ff-4158-8d20-a08ea3ba6a44,MPX_2353476,Cointreau Liqueur 40% vol. 35cl,14.9,42.57,"['Nos sélections', 'Inspiration du moment', '& Apéro entre amis', 'Boissons et Vins']",Cointreau,True,False,false,,,35cl,[],https://courses.monoprix.fr/images-v3/0c44253f-c4a3-4340-9d37-d41e42b9d14a/6d4bd7a5-e9f3-4bf7-8746-70d02db66468/300x300.jpg
"Bière, Cave et Spiritueux",d14438cc-35a9-4d43-bef5-1d14ffabb7b9,MPX_342586,Montparnasse Vin Mousseux Brut 75cl,2.5,3.33,"['Bière, Cave et Spiritueux', 'Cave à vins', 'Vins à petits prix', 'Mousseux']",Montparnasse,True,False,false,,,750ml,[],https://courses.monoprix.fr/images-v3/0c44253f-c4a3-4340-9d37-d41e42b9d14a/0524d290-2d32-4c10-ab13-7468d3cb3968/300x300.jpg
"Bière, Cave et Spiritueux",a0f1fee5-2db8-4560-a532-0dbbd8c3d455,MPX_2414758,"Les Champs Vignon Chinon Aop, Rouge 75cl",6.9,9.2,"['Nos régions de France', 'Pays de la Loire', 'Vin, liqueur et soupe angevine']",LES CHAMPS VIGNONS,True,False,false,,,750ml,[],https://courses.monoprix.fr/images-v3/0c44253f-c4a3-4340-9d37-d41e42b9d14a/8495f3d8-50e1-4503-a483-a8e17b73d596/300x300.jpg
"Bière, Cave et Spiritueux",ecdf001f-b10c-46c8-9121-3d840724ceb3,MPX_1117592,Touraine Gamay Haut des charmes Vin rouge 75cl,7.99,10.65,"['Bio', 'Boisson et Cave bio', 'Cave bio']",TOURAINE GAMAY LES HAUTS DES CHARMES,True,False,false,,,750ml,[],https://courses.monoprix.fr/images-v3/0c44253f-c4a3-4340-9d37-d41e42b9d14a/7c772dba-4e83-48c8-8b94-1ee9c1ce3ee0/300x300.jpg
"Bière, Cave et Spiritueux",ea501e29-2bbd-4421-a093-8140a36fd1f3,MPX_3255881,Carnivor Zinfandel Vin Rouge 75Cl,10.9,14.53,"['Bière, Cave et Spiritueux', 'Cave à vins', 'Vin étranger', 'Rouge']",CARNIVOR,True,False,false,,,750ml,[],https://courses.monoprix.fr/images-v3/0c44253f-c4a3-4340-9d37-d41e42b9d14a/84d48dd6-18f0-408b-8468-e9bf6f129a09/300x300.jpg
"Bière, Cave et Spiritueux",d301dfbb-3a56-4eb7-997e-0794dbf6f0d4,MPX_1774077,Dorgeval Champagne Brut 75cl,21.5,28.67,"['Bière, Cave et Spiritueux', 'Cave à vins', 'Champagne', 'Champagne Brut']",Monoprix,True,False,false,,,750ml,[],https://courses.monoprix.fr/images-v3/0c44253f-c4a3-4340-9d37-d41e42b9d14a/e5571537-fe6d-41e7-8b64-ba6ef95e418d/300x300.jpg
"Bière, Cave et Spiritueux",cdc0dbd8-fa9e-4ff9-8530-721f45e77e81,MPX_3717129,Monoprix X Briade Bière blonde & artisanale Ale 33cl,2.19,6.64,"['Bière, Cave et Spiritueux', 'Bières et Cidres', 'Cave à Bières']",Monoprix,True,False,false,2.0,MONTH,33cl,[],https://courses.monoprix.fr/images-v3/0c44253f-c4a3-4340-9d37-d41e42b9d14a/bf266a8f-df30-48ef-a70f-accaf5e6dfc8/300x300.jpg
"Bière, Cave et Spiritueux",21cddb69-e382-48a1-94f8-85255941982a,MPX_1652243,Georges Duboeuf Saint-Amour AOP vin rouge 75cl,12.05,16.07,"['Nos sélections', 'Inspiration du moment', '& Fondus de la raclette', 'Vins']",Georges Duboeuf,True,False,false,,,750ml,[],https://courses.monoprix.fr/images-v3/0c44253f-c4a3-4340-9d37-d41e42b9d14a/9e31edb8-8bd2-4769-b5fc-320670f55c10/300x300.jpg
"Bière, Cave et Spiritueux",2a6c68f6-c532-4fdb-933e-543a230d5528,MPX_6714948,Brewdog wingman session IPA 50cl,2.19,4.38,"['Bière, Cave et Spiritueux', 'Bières et Cidres', 'Bières en Canettes']",Brewdog,True,False,false,2.0,MONTH,50cl,[],https://courses.monoprix.fr/images-v3/0c44253f-c4a3-4340-9d37-d41e42b9d14a/aa59f0e5-2b7f-4d81-bf82-fd475e60a52c/300x300.jpg
"Bière, Cave et Spiritueux",e5c47604-b474-4ffa-82d3-c6c2be333864,MPX_3183512,Château Quillet Bordeaux AOP Rouge Bio 75cl,6.9,9.2,"['Bio', 'Boisson et Cave bio', 'Cave bio']",Château Quillet,True,False,false,,,75cl,['Produit bio'],https://courses.monoprix.fr/images-v3/0c44253f-c4a3-4340-9d37-d41e42b9d14a/866c7334-7c62-4716-9c37-c89b7237d90f/300x300.jpg
"Bière, Cave et Spiritueux",c6930db2-612e-4081-8ae4-44dda58061d6,MPX_2204859,Signe Vignerons Beaujolais Vin Blanc Aop 75cl,7.95,10.6,"['Promotions', 'Nos promos du moment', 'Le nouveau fait son retour, 50% sur le 2ème sur une sélection de vins Beaujolais Nouveau']",Signé Vignerons,True,False,false,,,750ml,[],https://courses.monoprix.fr/images-v3/0c44253f-c4a3-4340-9d37-d41e42b9d14a/3d83fb36-be6b-4d32-8e63-c79e6f744143/300x300.jpg
"Bière, Cave et Spiritueux",2b9d488f-25c0-4208-94e1-81e0214d2687,MPX_5468464,Brouilly lieu-dit Moulin Favre 75cl,14.9,19.87,"['Nos sélections', 'Inspiration du moment', '& Apéro entre amis', 'Boissons et Vins']",CHATEAU DE LA CHAIZE,True,False,false,,,75cl,[],https://courses.monoprix.fr/images-v3/0c44253f-c4a3-4340-9d37-d41e42b9d14a/cb8935eb-974d-4f4f-a38c-0528ce4a4a9e/300x300.jpg
"Bière, Cave et Spiritueux",25b23d0d-82f2-47b8-8151-ef67fec508ac,MPX_3071058,"Laroche Aop Chablis, Blanc 75cl",19.5,26.0,"['Promotions', 'Les promos à ne pas manquer', 'Le 2ème à moins 50%']",LAROCHE,True,False,false,,,750ml,[],https://courses.monoprix.fr/images-v3/0c44253f-c4a3-4340-9d37-d41e42b9d14a/d347a246-dbbb-4458-b271-f7d859603775/300x300.jpg
"Bière, Cave et Spiritueux",022ca4c9-b70c-4788-9df5-cc113c2032e2,MPX_2351423,Château du Clos Delord Bordeaux supérieur rouge 75 cl,5.9,7.87,"['Noël', 'Les offres de Noël', 'Nos offres sur la cave']",NoBrand,True,False,false,,,750ml,[],https://courses.monoprix.fr/images-v3/0c44253f-c4a3-4340-9d37-d41e42b9d14a/0ce52834-eef8-4b06-9bb2-267d06d2da2e/300x300.jpg
"Bière, Cave et Spiritueux",a484fb3c-ceb0-455d-8746-ef421a93c58f,MPX_2020378,Château Cayla Cadillac Côtes De Bordeaux Aop Rouge 75Cl,6.49,8.65,"['Noël', 'Les offres de Noël', 'Nos offres sur la cave']",CHATEAU CAYLA ,True,False,false,,,750ml,[],https://courses.monoprix.fr/images-v3/0c44253f-c4a3-4340-9d37-d41e42b9d14a/b6e1a9dd-5c66-4f6e-b999-eb081121dd70/300x300.jpg
"Bière, Cave et Spiritueux",e5d61ec4-3d08-4a0d-bdb3-e7f74f977b4b,MPX_2822983,Croix D'Albret Vin Rouge Bordeaux AOP Bio 75cl,5.45,7.27,"['Bio', 'Boisson et Cave bio', 'Cave bio']",croix d'albret,True,False,false,,,750ml,['Produit bio'],https://courses.monoprix.fr/images-v3/0c44253f-c4a3-4340-9d37-d41e42b9d14a/902d0469-602d-433c-998d-c95cb094e1e2/300x300.jpg
"Bière, Cave et Spiritueux",81b6d14c-8c37-442c-8e09-fc8139886fc4,MPX_1629151,"Champagne Esterlin Champagne Aop, Brut 75Cl",22.9,30.53,"['Noël', 'Promos de Noël', ""Promos repas festif,\xa0jusqu'à 50% sur le 2ème sur une sélection festive""]",Champagne ESTERLIN,True,False,false,,,750ml,[],https://courses.monoprix.fr/images-v3/0c44253f-c4a3-4340-9d37-d41e42b9d14a/6aa8a8a1-0221-490e-bf39-4fb7cee19148/300x300.jpg
"Bière, Cave et Spiritueux",7b45f566-2bc4-49b5-bab3-aff5f8653715,MPX_565441,Louis Bouillot Crémant de Bourgogne AOP brut 75cl,10.9,14.53,"['Noël', 'Promos de Noël', ""Promos repas festif,\xa0jusqu'à 50% sur le 2ème sur une sélection festive""]",LOUIS BOUILLOT,True,False,false,,,750ml,[],https://courses.monoprix.fr/images-v3/0c44253f-c4a3-4340-9d37-d41e42b9d14a/f0f80a35-88eb-49ab-bb49-90b3cdd687e9/300x300.jpg
"Bière, Cave et Spiritueux",d30e1958-9a5b-47a7-9b25-28923c5d3122,MPX_4027925,Château D'Arcole Saint-Emilion Vin Rouge Bio 75cl,19.95,26.6,"['Bière, Cave et Spiritueux', 'Cave Bio', 'Vins Bio']",Château d'Arcole,True,False,false,6.0,MONTH,75cl,['Produit bio'],https://courses.monoprix.fr/images-v3/0c44253f-c4a3-4340-9d37-d41e42b9d14a/6abc2c77-97c9-4287-a0b6-bfb9b57fb8fc/300x300.jpg
"Bière, Cave et Spiritueux",242d6002-fda8-42c5-8768-dc05665f2043,MPX_3526129,Leffe Bière blonde 12x25cl,12.5,4.17,"['Bière, Cave et Spiritueux', 'Bières et Cidres', 'Bières Blondes']",Leffe,True,False,false,1.0,MONTH,12 x 25cl,[],https://courses.monoprix.fr/images-v3/0c44253f-c4a3-4340-9d37-d41e42b9d14a/386e6350-7046-41e5-b79d-8433c2d26437/300x300.jpg
"Bière, Cave et Spiritueux",63fd6294-8206-41d8-b7fe-94a55b572f6d,MPX_1237555,"Château Prieuré Lalande Côtes-De-Bourg Aop, Rouge 75cl",5.49,7.32,"['Noël', 'Les offres de Noël', 'Nos offres sur la cave']","CHÂTEAU PRIEURE LALANDE, Côtes de Bourg",True,False,false,,,750ml,[],https://courses.monoprix.fr/images-v3/0c44253f-c4a3-4340-9d37-d41e42b9d14a/9668a408-a4a5-4382-a2c8-46e3251807de/300x300.jpg
"Bière, Cave et Spiritueux",14ecb6ea-843f-4e56-9517-a407c80248ea,MPX_1760813,"Château Côte Montpezat Castillon Côtes De Bordeaux Aop, Rouge 75Cl",8.8,11.73,"['Noël', 'Les offres de Noël', 'Nos offres sur la cave']",Château Côte Montpezat,True,False,false,,,750ml,[],https://courses.monoprix.fr/images-v3/0c44253f-c4a3-4340-9d37-d41e42b9d14a/32738c1e-a86b-4d2b-8c03-b8d9d9ed28ff/300x300.jpg
"Bière, Cave et Spiritueux",02542de0-4fb9-438b-8ab3-5662af76bd00,MPX_3070128,"Vignerons De Buzet Aop Buzet, Rouge 3L",13.9,4.63,"['Promotions', 'Les promos à ne pas manquer', 'Promo 30% de remise immédiate']",VERRE,True,False,false,,,3L,[],https://courses.monoprix.fr/images-v3/0c44253f-c4a3-4340-9d37-d41e42b9d14a/4ac828af-39a4-4213-8ce5-2d94d50ffc59/300x300.jpg
"Bière, Cave et Spiritueux",3deae4cf-e4da-4c2d-8b50-e49e3f967776,MPX_4203107,Fleurie Grandes Mises Mommessi 75Cl,14.9,19.87,"['Promotions', 'Nos promos du moment', 'Le nouveau fait son retour, 50% sur le 2ème sur une sélection de vins Beaujolais Nouveau']",Autre Marque,True,False,false,,,750ml,[],https://courses.monoprix.fr/images-v3/0c44253f-c4a3-4340-9d37-d41e42b9d14a/bafe6065-249f-4f78-9867-647827ca3a20/300x300.jpg
"Bière, Cave et Spiritueux",aca6095b-6b70-4e13-9830-f79f201a85b3,MPX_1965774,Martini Martini Spumante Prosecco 75Cl,9.79,13.05,"['Produits du monde', 'Italie - Italia', 'Boissons']",Martini,True,False,false,,,750ml,[],https://courses.monoprix.fr/images-v3/0c44253f-c4a3-4340-9d37-d41e42b9d14a/86524fad-d55b-4835-90ae-e67416c2734c/300x300.jpg
"Bière, Cave et Spiritueux",98dd695b-c35a-41b2-bef0-16d543e1c6f7,MPX_6704721,Gallia Champ Libre Bière blonde non filtrée 66cl,4.15,6.29,"['Bière, Cave et Spiritueux', 'Bières et Cidres', 'Bières Blondes']",Gallia,True,False,false,2.0,MONTH,66cl,[],https://courses.monoprix.fr/images-v3/0c44253f-c4a3-4340-9d37-d41e42b9d14a/be1dc1fa-44c4-417c-80c3-ae8d3e0931a0/300x300.jpg
"Bière, Cave et Spiritueux",3784b347-006f-4365-8322-7aff213f6020,MPX_2118899,Prieuré Les Tours Graves AOP Rouge 75cl,11.9,15.87,"['Noël', 'Les offres de Noël', 'Nos offres sur la cave']",NoBrand,True,False,false,,,750ml,[],https://courses.monoprix.fr/images-v3/0c44253f-c4a3-4340-9d37-d41e42b9d14a/ec258dee-212e-4f01-8f20-1a07c4ff4083/300x300.jpg
"Bière, Cave et Spiritueux",9dec3391-c3dc-4b67-913d-5e6543b9bc65,MPX_2259711,Château Du Plantier Rouge 75Cl,4.5,6.0,"['Noël', 'Les offres de Noël', 'Nos offres sur la cave']",CHÂTEAU DU PLANTIER,True,False,false,,,750ml,[],https://courses.monoprix.fr/images-v3/0c44253f-c4a3-4340-9d37-d41e42b9d14a/d050585e-8d0c-4898-9bfc-f03f2ef376ee/300x300.jpg
"Bière, Cave et Spiritueux",16fa173c-0390-43a0-8806-f70a5b6a392f,MPX_724449,Louis Bouillot Aop. Crémant De Bourgogne. Rosé Brut. Perle D'Aurore 75Cl,10.9,14.53,"['Noël', 'Promos de Noël', ""Promos repas festif,\xa0jusqu'à 50% sur le 2ème sur une sélection festive""]",LOUIS BOUILLOT,True,False,false,,,750ml,[],https://courses.monoprix.fr/images-v3/0c44253f-c4a3-4340-9d37-d41e42b9d14a/5d027dbd-50b0-409d-9948-29e62aa7bde0/300x300.jpg
"Bière, Cave et Spiritueux",59f74922-8c52-4087-a6db-b0fb57d94976,MPX_2576654,Mouton Cadet Bordeaux Vin Rosé Aop 75cl,8.99,11.99,"['Nos sélections', 'Inspiration du moment', '& Barbecue', 'Bière, Cave et Spiritueux']",Mouton cadet,True,False,false,,,750ml,[],https://courses.monoprix.fr/images-v3/0c44253f-c4a3-4340-9d37-d41e42b9d14a/0a1f2570-2d47-4239-ac44-b926a42a5470/300x300.jpg
"Bière, Cave et Spiritueux",3807db96-4da5-4bf6-b14b-de11b6a33365,MPX_1114606,"Cave De Pfaffenheim Alsace Aop, Edelzwicker, Blanc 75cl",5.9,7.87,"['Nos régions de France', 'Grand Est', 'Alsace']",DOPFF IRION,True,False,false,,,750ml,[],https://courses.monoprix.fr/images-v3/0c44253f-c4a3-4340-9d37-d41e42b9d14a/1bd756a4-2ab3-4303-885a-3d0c80507b69/300x300.jpg
"Bière, Cave et Spiritueux",a1071546-be88-4428-ad03-c87a9b47a6a6,MPX_876306,"Pavillon De La Catie Monbazillac Aop, Blanc Moelleux 75Cl",7.99,10.65,"['Promotions', 'Promo Boissons', 'Promo Cave']",PAVILLON LA CATIE,True,False,false,,,750ml,[],https://courses.monoprix.fr/images-v3/0c44253f-c4a3-4340-9d37-d41e42b9d14a/86d8edd8-a37f-4f7a-98f6-7a1c40d18328/300x300.jpg
"Bière, Cave et Spiritueux",74d3b715-094e-44c2-ae22-4dd9fbedd091,MPX_6719888,Brooklyn Brewery pulp Art Bière 4X33cl,9.99,7.57,"['Bière, Cave et Spiritueux', 'Bières et Cidres', 'Bières Blanches et Aromatisées']",Brooklyn,True,False,false,2.0,MONTH,4 x 33cl,[],https://courses.monoprix.fr/images-v3/0c44253f-c4a3-4340-9d37-d41e42b9d14a/b9dfed3a-df9f-4ef5-b8d3-edba945bdcdc/300x300.jpg
"Bière, Cave et Spiritueux",49c9445c-46c5-4b48-beb8-e2904873a193,MPX_2975877,Devaux Champagne Brut AOP 75cl,27.9,37.2,"['Noël', 'Promos de Noël', ""Promos repas festif,\xa0jusqu'à 50% sur le 2ème sur une sélection festive""]",Devaux,True,False,false,,,75cl,[],https://courses.monoprix.fr/images-v3/0c44253f-c4a3-4340-9d37-d41e42b9d14a/c7797ad3-58de-4fca-a4a8-c6c631bfa178/300x300.jpg
"Bière, Cave et Spiritueux",88378195-18f5-47b3-ba5a-bb83da78f703,MPX_4091361,Luna Argenta Prosecco Rose 75cl,8.9,11.87,"['Noël', 'Promos de Noël', ""Promos repas festif,\xa0jusqu'à 50% sur le 2ème sur une sélection festive""]",NoBrand,True,False,false,,,750ml,[],https://courses.monoprix.fr/images-v3/0c44253f-c4a3-4340-9d37-d41e42b9d14a/f33c6234-7ec6-48b6-b634-d6ea39480444/300x300.jpg
"Bière, Cave et Spiritueux",03161b73-cfd3-42b4-a2e1-2c15e3d814eb,MPX_6727167,Gallia Nouveau Western Bière West Coast IPA non filtrée 50cl,2.99,5.98,"['Bière, Cave et Spiritueux', 'Bières et Cidres', 'Bières en Canettes']",Gallia,True,False,false,2.0,MONTH,50cl,[],https://courses.monoprix.fr/images-v3/0c44253f-c4a3-4340-9d37-d41e42b9d14a/156c3141-353e-4840-82c3-293108b12bea/300x300.jpg
"Bière, Cave et Spiritueux",c4d0eb17-50b5-40af-8195-5fda2524ef1b,MPX_1689472,Château Lafont Menaut Pessac-Léognan Aop Vin Rouge 75Cl,13.95,18.6,"['Noël', 'Les offres de Noël', 'Nos offres sur la cave']",Chateau Lafont Menaud,True,False,false,,,750ml,[],https://courses.monoprix.fr/images-v3/0c44253f-c4a3-4340-9d37-d41e42b9d14a/9570b0f8-a38e-4012-a4a9-824eef48e0d4/300x300.jpg
"Bière, Cave et Spiritueux",fc81d57e-721b-4742-8198-ba52b76216df,MPX_2811138,Desperados Original Bière aromatisée à un spiritueux à base d'agave 12X33cl,17.9,4.52,"['Bière, Cave et Spiritueux', 'Bières et Cidres', 'Bières Blanches et Aromatisées']",Desperados,True,False,false,1.0,MONTH,12 x 33cl,[],https://courses.monoprix.fr/images-v3/0c44253f-c4a3-4340-9d37-d41e42b9d14a/de3999a4-b3da-464c-850c-8224784c5beb/300x300.jpg
"Bière, Cave et Spiritueux",77528070-227b-494c-aab2-68e0e24c04ca,MPX_1402582,Beaumes de Venise Dom Venetia AOP Rouge 75cl,9.9,13.2,"['Promotions', 'Promo Boissons', 'Promo Cave']",DOM VENITIA,True,False,false,,,750ml,[],https://courses.monoprix.fr/images-v3/0c44253f-c4a3-4340-9d37-d41e42b9d14a/3360527a-122d-44bd-9415-c49c46508217/300x300.jpg
"Bière, Cave et Spiritueux",b5802fc6-e06b-40f9-ae71-a83bd785c98d,MPX_2810365,Riccadonna Prosecco 75Cl,7.5,10.0,"['Produits du monde', 'Italie - Italia', 'Boissons']",Riccadonna,True,False,false,,,750ml,[],https://courses.monoprix.fr/images-v3/0c44253f-c4a3-4340-9d37-d41e42b9d14a/45bcfcac-8905-4d21-bfa6-fb0827cd03fe/300x300.jpg
"Bière, Cave et Spiritueux",8408bd70-fc2a-4123-8497-dd4c601b8b74,MPX_2810944,Pierre Maizière Bourgogne Hautes-Côtes de Nuit Rouge 75cl,12.9,17.2,"['Bio', 'Boisson et Cave bio', 'Cave bio']",BOURGOGNE HAUTES-COTES DE NUITS,True,False,false,,,750ml,[],https://courses.monoprix.fr/images-v3/0c44253f-c4a3-4340-9d37-d41e42b9d14a/af0bbd5e-efde-4d75-9ca9-8c381da46fbb/300x300.jpg
"Bière, Cave et Spiritueux",f938760b-6672-4734-9c96-05bf26ca3891,MPX_1572129,"Roche Mazet Sauvignon, Vin Blanc Sec De Pays D'Oc, Cuvée Spéciale, 12% Vol. 25cl",1.9,7.6,"['Bière, Cave et Spiritueux', 'Cave à vins', 'Vins à petits prix', 'Vin Blanc']",Roche mazet,True,False,false,,,250ml,[],https://courses.monoprix.fr/images-v3/0c44253f-c4a3-4340-9d37-d41e42b9d14a/0e8e68c9-556a-44c6-bb40-f61d6c149c66/300x300.jpg
"Bière, Cave et Spiritueux",d64f3641-492c-4d74-92b9-84449fed1297,MPX_1525484,Gérard Bertrand Gris Blanc Vin de pays d'OC IGP Rosé 75cl,8.99,11.99,"['Nos sélections', 'Inspiration du moment', '& Barbecue', 'Bière, Cave et Spiritueux']",Gérard Bertrand,True,False,false,,,750ml,[],https://courses.monoprix.fr/images-v3/0c44253f-c4a3-4340-9d37-d41e42b9d14a/7a132227-1aaa-454e-b6ba-41c410c1e7cf/300x300.jpg
"Bière, Cave et Spiritueux",61712c17-2d0d-4864-9972-cb8c85052617,MPX_1933208,Les Hauts Plateaux Igp Alpes De Provence Rosé 75 Cl,3.99,5.32,"['Bière, Cave et Spiritueux', 'Cave à vins', 'Vins à petits prix', 'Vin Rosé']",LES VINS BREBAN,True,False,false,,,750ml,[],https://courses.monoprix.fr/images-v3/0c44253f-c4a3-4340-9d37-d41e42b9d14a/5e43cdd2-3dfc-40ce-ac51-2515151d80e8/300x300.jpg
"Bière, Cave et Spiritueux",3a5296cc-9fd2-4dcb-8f43-ae78fda4b4f9,MPX_1312359,La Goudale Bière Blonde À L'Ancienne 50Cl,1.89,3.78,"['Bière, Cave et Spiritueux', 'Bières et Cidres', 'Cave à Bières']",La goudale,True,False,false,1.0,MONTH,500ml,[],https://courses.monoprix.fr/images-v3/0c44253f-c4a3-4340-9d37-d41e42b9d14a/9312b7f2-7460-48f8-8e39-86b9ca88786d/300x300.jpg
"Bière, Cave et Spiritueux",a663f80b-fd49-4513-8703-ecb3d9f0f455,MPX_1323,Heineken Bière Blonde 5° 6x33cl,5.15,2.6,"['Bière, Cave et Spiritueux', 'Bières et Cidres', 'Bières Blondes']",Heineken,True,False,false,2.0,WEEK,6 x 33cl,[],https://courses.monoprix.fr/images-v3/0c44253f-c4a3-4340-9d37-d41e42b9d14a/467e4533-e1bb-4207-86c8-da261e9cc7d3/300x300.jpg
"Bière, Cave et Spiritueux",8a11bee7-f2cb-4096-b0ea-8bb1b2b79bd2,MPX_6596012,Corona extra 6x33cl,10.9,5.51,"['Bière, Cave et Spiritueux', 'Bières et Cidres', 'Bières Blondes']",Corona,True,False,false,2.0,MONTH,6 x 33cl,[],https://courses.monoprix.fr/images-v3/0c44253f-c4a3-4340-9d37-d41e42b9d14a/43e391b2-331d-4795-9a32-2845283e3bf9/300x300.jpg
"Bière, Cave et Spiritueux",cbc64a91-d0ec-45e9-95e2-a6ef52afea57,MPX_3526442,Leffe bière blonde le pack de 6x25 cl,6.29,4.19,"['Bière, Cave et Spiritueux', 'Bières et Cidres', 'Bières Blondes']",Leffe,True,False,false,1.0,MONTH,6 x 25cl,[],https://courses.monoprix.fr/images-v3/0c44253f-c4a3-4340-9d37-d41e42b9d14a/63994aac-e3c1-4260-bfda-b7908a2f5774/300x300.jpg
"Bière, Cave et Spiritueux",f23463e2-c963-4125-a912-2bfd7d179543,MPX_6596011,Corona extra 12x33cl,18.9,4.77,"['Bière, Cave et Spiritueux', 'Bières et Cidres', 'Bières Blondes']",Corona,True,False,false,2.0,MONTH,12 x 33cl,[],https://courses.monoprix.fr/images-v3/0c44253f-c4a3-4340-9d37-d41e42b9d14a/71838be4-aa55-479e-b633-83035ec6e51d/300x300.jpg
"Bière, Cave et Spiritueux",1cf35041-3a48-4940-9cf1-c71f554f1a81,MPX_1572560,Lamblin & Fils Petit Chablis Aop Blanc 75Cl,12.9,17.2,"['Nos régions de France', 'Bourgogne Franche Comté', 'Bourgogne']",Lamblin & Fils,True,False,false,,,750ml,[],https://courses.monoprix.fr/images-v3/0c44253f-c4a3-4340-9d37-d41e42b9d14a/ccc48aee-c747-488f-814c-97144ebfed4c/300x300.jpg
"Bière, Cave et Spiritueux",72e23935-ed26-4742-b4eb-ba63c79bc8c7,MPX_2093358,1664 Bière Blonde 4 x 50 cl,4.99,2.5,"['Bière, Cave et Spiritueux', 'Bières et Cidres', 'Bières Blondes']",1664,True,False,false,2.0,MONTH,4 x 50cl,[],https://courses.monoprix.fr/images-v3/0c44253f-c4a3-4340-9d37-d41e42b9d14a/a685374c-3e0d-4ce3-a9c6-15c633c866ca/300x300.jpg
"Bière, Cave et Spiritueux",75463340-5002-4f7d-9420-446114c85ba4,MPX_5227048,Corona Extra Bière 0% D’Alcool 6X33Cl,8.89,26.94,"['Bière, Cave et Spiritueux', 'Bières et Cidres', 'Bières sans Alcool et Panachés']",Corona,True,False,false,2.0,MONTH,330ml,[],https://courses.monoprix.fr/images-v3/0c44253f-c4a3-4340-9d37-d41e42b9d14a/63100ffb-e64a-46c2-9277-d30331f46d2c/300x300.jpg
"Bière, Cave et Spiritueux",f0dbd3be-0e5e-4de7-803d-3247b3a2262a,MPX_1169997,"Paul Buisse Sauvignon De Touraine Aop, Blanc 75cl",5.1,6.8,"['Nos recettes', 'Recettes de Chefs', '&Danny Khezzar - Recette sauce sabayon au beurre de cèpes']",PAUL BUISSE,True,False,false,,,750ml,[],https://courses.monoprix.fr/images-v3/0c44253f-c4a3-4340-9d37-d41e42b9d14a/9f0dfc69-aa28-4fee-be7e-6ef285ca8c1f/300x300.jpg
"Bière, Cave et Spiritueux",a4c7d5e9-f2fa-4427-a263-2efb9a28cac0,MPX_660511,Guinness Bière Brune Brassée En Irlande 50Cl,2.49,4.98,"['Bière, Cave et Spiritueux', 'Bières et Cidres', 'Bières Brunes et Ambrées']",Guinness,True,False,false,1.0,MONTH,50cl,[],https://courses.monoprix.fr/images-v3/0c44253f-c4a3-4340-9d37-d41e42b9d14a/73a3c3a7-81b3-4885-8dbe-2fef10b20c20/300x300.jpg
"Bière, Cave et Spiritueux",4af04f37-671e-491d-8ca3-181425d953e1,MPX_342864,La Goudale Bière blonde à l'ancienne 75cl,2.85,3.8,"['Bière, Cave et Spiritueux', 'Bières et Cidres', 'Cave à Bières']",La goudale,True,False,false,6.0,MONTH,75cl,[],https://courses.monoprix.fr/images-v3/0c44253f-c4a3-4340-9d37-d41e42b9d14a/975f213c-dccb-45a4-9c3c-be6f01b87e42/300x300.jpg
"Bière, Cave et Spiritueux",8e85aff3-b2c3-4c4b-985b-7b49f8d147b2,MPX_1678764,Lamblin & Fils Bourgogne Aligoté Blanc 75 Cl,8.9,11.87,"['Bière, Cave et Spiritueux', 'Cave à vins', 'Vin blanc sec', 'Bourgogne']",Lamblin & Fils,True,False,false,,,750ml,[],https://courses.monoprix.fr/images-v3/0c44253f-c4a3-4340-9d37-d41e42b9d14a/b28f15b1-b09c-45c6-a92d-380d17d8e067/300x300.jpg
"Bière, Cave et Spiritueux",327329dc-499b-4458-aa3f-602b88e309cb,MPX_3279671,Heineken Bière Blonde 0° 6x33cl,5.49,2.77,"['Bière, Cave et Spiritueux', 'Bières et Cidres', 'Bières sans Alcool et Panachés']",Heineken,True,False,false,1.0,MONTH,6 x 33cl,[],https://courses.monoprix.fr/images-v3/0c44253f-c4a3-4340-9d37-d41e42b9d14a/7334e5b1-3ad5-464d-b8da-15f2ed3e7ce9/300x300.jpg
"Bière, Cave et Spiritueux",2c212f48-337c-4f91-88f8-e851dfe11e3d,MPX_5723647,Peroni Bière Blonde Italienne 5°1 6x33cl,9.69,4.89,"['Bière, Cave et Spiritueux', 'Bières et Cidres', 'Bières Blondes']",Peroni,True,False,false,2.0,MONTH,6 x 33cl,[],https://courses.monoprix.fr/images-v3/0c44253f-c4a3-4340-9d37-d41e42b9d14a/42be7e42-0d58-45c9-817e-7ec38bda61da/300x300.jpg
"Bière, Cave et Spiritueux",5eb19f22-200c-4c6b-a426-abe3b239d7f3,MPX_2653583,Magners Original Cidre 33Cl,2.29,6.94,"['Bière, Cave et Spiritueux', 'Bières et Cidres', 'Cidres']",Magners,True,False,false,1.0,MONTH,330ml,[],https://courses.monoprix.fr/images-v3/0c44253f-c4a3-4340-9d37-d41e42b9d14a/64bcf09e-0e58-46ed-9a11-b36e14715f93/300x300.jpg
"Bière, Cave et Spiritueux",e0b52fa1-cf4e-455a-ad26-8c79f0a56e42,MPX_2775386,Brewdog Punk Ipa Bière Blonde en Canette 50cl,3.45,6.9,"['Bière, Cave et Spiritueux', 'Bières et Cidres', 'Cave à Bières']",Brewdog,True,False,false,1.0,MONTH,50cl,[],https://courses.monoprix.fr/images-v3/0c44253f-c4a3-4340-9d37-d41e42b9d14a/46669154-05b4-4b64-aff2-451076c557b3/300x300.jpg
"Bière, Cave et Spiritueux",3d02a6fb-484e-4b16-aef9-8d3ad18b4772,MPX_2216066,Heineken bière blonde en canettes 4 x 50cl,5.15,2.58,"['Bière, Cave et Spiritueux', 'Bières et Cidres', 'Bières Blondes']",Heineken,True,False,false,1.0,MONTH,4 x 50cl,[],https://courses.monoprix.fr/images-v3/0c44253f-c4a3-4340-9d37-d41e42b9d14a/301de523-a356-44fb-8d41-dc5ad574a0e2/300x300.jpg
"Bière, Cave et Spiritueux",b3710085-bcd8-481d-92c0-57bd55fb08b8,MPX_4080952,1664 Bière Blonde Sans Alcool 6x33cl,5.75,2.9,"['Bière, Cave et Spiritueux', 'Bières et Cidres', 'Bières sans Alcool et Panachés']",1664,True,False,false,2.0,MONTH,6 x 33cl,[],https://courses.monoprix.fr/images-v3/0c44253f-c4a3-4340-9d37-d41e42b9d14a/662fdc8d-922f-478f-bcbf-004582c1d9c0/300x300.jpg
"Bière, Cave et Spiritueux",a5e66ff0-9258-46f7-bef1-ea7ceef98b32,MPX_1349200,Roche Mazet Sauvignon Vin blanc de pays d'Oc IGP 75cl,3.95,5.27,"['Bière, Cave et Spiritueux', 'Cave à vins', 'Vins à petits prix', 'Vin Blanc']",Roche Mazet,True,False,false,,,75cl,[],https://courses.monoprix.fr/images-v3/0c44253f-c4a3-4340-9d37-d41e42b9d14a/003ae83f-052d-4974-96b5-63f819129e3c/300x300.jpg
"Bière, Cave et Spiritueux",51b407ec-59f8-4912-91aa-454e99fbd51c,MPX_1349193,Roche Mazet Cinsault Grenache Vin de pays d'Oc Rosé Igp 75cl,3.95,5.27,"['Bière, Cave et Spiritueux', 'Cave à vins', 'Vins à petits prix', 'Vin Rosé']",Roche Mazet,True,False,false,,,75cl,"['Produit vegan', 'Produit bio']",https://courses.monoprix.fr/images-v3/0c44253f-c4a3-4340-9d37-d41e42b9d14a/bf16fbf3-2310-447c-a8ef-e419b54e7d5e/300x300.jpg
"Bière, Cave et Spiritueux",caf31b2e-3f41-47b0-8980-6807f53c6c35,MPX_1761970,Dauvergne & Ranvier Côtes du Rhône AOP Rouge bio 75cl,5.99,7.99,"['Bio', 'Boisson et Cave bio', 'Cave bio']",DAUVERGNE RANVIER,True,False,false,,,750ml,['Produit bio'],https://courses.monoprix.fr/images-v3/0c44253f-c4a3-4340-9d37-d41e42b9d14a/157544da-a11d-4057-b456-b4c3c13d689c/300x300.jpg
"Bière, Cave et Spiritueux",6335098b-8251-41cf-b946-d16ac79934aa,MPX_3059437,Prieuré AOP Lubéron Rosé 3L,11.99,4.0,"['Bière, Cave et Spiritueux', 'Cave à vins', 'Fontaine à vin', 'Rosé']",NoBrand,True,False,false,2.0,MONTH,3L,[],https://courses.monoprix.fr/images-v3/0c44253f-c4a3-4340-9d37-d41e42b9d14a/9f206b3f-bee9-44b7-a472-86aff7031411/300x300.jpg
"Bière, Cave et Spiritueux",6d5d0892-089a-4018-9591-539283183d2c,MPX_3525570,Le Val Igp Oc Chardonnay Viognier 75Cl,4.29,5.72,"['Bière, Cave et Spiritueux', 'Cave à vins', 'Vin blanc sec', 'Vins de pays et Vins de table']",NoBrand,True,False,false,,,75cl,[],https://courses.monoprix.fr/images-v3/0c44253f-c4a3-4340-9d37-d41e42b9d14a/dd63b5b1-0fa0-4b77-8113-f89e57c5bf82/300x300.jpg
"Bière, Cave et Spiritueux",fe0c30a7-3509-48e8-8066-0dcd6b88cbfb,MPX_2133691,Chouffe Bière Blonde artisanale 33cl,2.89,8.76,"['Bière, Cave et Spiritueux', 'Bières et Cidres', 'Cave à Bières']",Chouffe,True,False,false,1.0,MONTH,330ml,[],https://courses.monoprix.fr/images-v3/0c44253f-c4a3-4340-9d37-d41e42b9d14a/4748d998-2c6c-4da5-a817-534c1eb5ce07/300x300.jpg
"Bière, Cave et Spiritueux",cf4fc2a4-765c-4857-9741-7e0b6f0b703c,MPX_3612494,Carlsberg Bière Blonde Danoise 6x33cl,6.59,3.33,"['Bière, Cave et Spiritueux', 'Bières et Cidres', 'Bières Blondes']",Carlsberg,True,False,false,1.0,MONTH,6 x 33cl,[],https://courses.monoprix.fr/images-v3/0c44253f-c4a3-4340-9d37-d41e42b9d14a/bafb3c39-e447-4073-a326-a6929f05892a/300x300.jpg
"Bière, Cave et Spiritueux",96ee7232-cd38-45a8-a8cc-9311de88fac9,MPX_6614618,La Cave en Ville Prosecco brut 75cl,5.9,7.87,"['Bière, Cave et Spiritueux', 'Cave à vins', 'Mousseux et Crémant']",La Cave en Ville,True,False,false,,,75cl,[],https://courses.monoprix.fr/images-v3/0c44253f-c4a3-4340-9d37-d41e42b9d14a/c5a36643-cc55-48b8-ab72-4bb08b8b41dd/300x300.jpg
"Bière, Cave et Spiritueux",220d287b-c612-4b67-80b6-ec4a58e58765,MPX_1486865,Lamblin & Fils Chablis Aop Blanc 75Cl,14.9,19.87,"['Nos régions de France', 'Bourgogne Franche Comté', 'Bourgogne']",Lamblin & Fils,True,False,false,,,750ml,[],https://courses.monoprix.fr/images-v3/0c44253f-c4a3-4340-9d37-d41e42b9d14a/95483f85-8e11-4755-9a3f-e867a63eb45a/300x300.jpg
"Bière, Cave et Spiritueux",05f9d273-8bdb-42e9-863a-82d5fbdf000d,MPX_1653238,Heineken Bière Blonde 20x25cl,13.5,2.7,"['Bière, Cave et Spiritueux', 'Bières et Cidres', 'Bières Blondes']",Heineken,True,False,false,1.0,MONTH,20 x 25cl,[],https://courses.monoprix.fr/images-v3/0c44253f-c4a3-4340-9d37-d41e42b9d14a/ee0ad8cc-bc46-46de-8fff-1121975ce9fd/300x300.jpg
"Bière, Cave et Spiritueux",5b539b6e-6fe8-46d6-b667-73317970aebe,MPX_1343319,E.Guigal Côtes du Rhône AOP rouge 75cl,9.99,13.32,"['Bière, Cave et Spiritueux', 'Cave à vins', 'Vin rouge', 'Rhône']",Guigal,True,False,false,,,750ml,[],https://courses.monoprix.fr/images-v3/0c44253f-c4a3-4340-9d37-d41e42b9d14a/896f09bb-0766-405a-9dfd-80d824f606f5/300x300.jpg
"Bière, Cave et Spiritueux",258aa0dd-2b70-4c2c-940f-dc25dadec128,MPX_1178575,Château Des Bormettes Cuvée Des Alizés Provence AOP Rosé 75cl,7.99,10.65,"['Nos sélections', 'Inspiration du moment', '& Barbecue', 'Bière, Cave et Spiritueux']",CHÂTEAU DES BORMETTES,True,False,false,,,75cl,[],https://courses.monoprix.fr/images-v3/0c44253f-c4a3-4340-9d37-d41e42b9d14a/7c27a9f6-6f1e-4e91-81de-ddbf404cbdd3/300x300.jpg
"Bière, Cave et Spiritueux",b944286f-a854-4e5f-bd4f-5872131e63cd,MPX_1860670,Monoprix Bio Cidre bouché brut bio 75cl,2.75,3.67,"['Bio', 'Boisson et Cave bio', 'Cave bio']",Monoprix Bio,True,False,false,,,750ml,[],https://courses.monoprix.fr/images-v3/0c44253f-c4a3-4340-9d37-d41e42b9d14a/7b1a7d3c-36ab-4acd-b77f-806c98514a7c/300x300.jpg
"Bière, Cave et Spiritueux",2e53b53c-2ddf-4ed7-8ad8-d7688b55ee04,MPX_3210530,Georges Duboeuf AOC Brouilly rouge 75cl,9.95,13.27,"['Nos sélections', 'Inspiration du moment', '& Fondus de la raclette', 'Vins']",Georges Duboeuf,True,False,false,,,750ml,[],https://courses.monoprix.fr/images-v3/0c44253f-c4a3-4340-9d37-d41e42b9d14a/0db431af-ba60-4617-8e38-58faa2a93690/300x300.jpg
"Bière, Cave et Spiritueux",e1aeed64-45c8-4c44-adba-4f509fbfb5a0,MPX_2999263,Brewdog Bières punk IPA 4 x 33cl,10.9,8.26,"['Bière, Cave et Spiritueux', 'Bières et Cidres', 'Cave à Bières']",Brewdog,True,False,false,1.0,MONTH,4 x 33cl,[],https://courses.monoprix.fr/images-v3/0c44253f-c4a3-4340-9d37-d41e42b9d14a/ad6ebe44-723d-4a16-9242-50135542d958/300x300.jpg
"Bière, Cave et Spiritueux",37f9b534-ad21-47ea-b021-fcdd7c93f839,MPX_4940811,Ardèche Les classiques Chardonnay 75cl,4.1,5.47,"['Bière, Cave et Spiritueux', 'Cave à vins', 'Vins à petits prix', 'Vin Blanc']",Vignerons Ardechois,True,False,false,,,75cl,[],https://courses.monoprix.fr/images-v3/0c44253f-c4a3-4340-9d37-d41e42b9d14a/5db1854a-dfab-4d71-93a2-75e12f05dfa9/300x300.jpg
"Bière, Cave et Spiritueux",6a6198fa-4cc2-49d8-9d6a-3fe5bd0d19bb,MPX_1349197,Roche Mazet Cabernet Sauvignon Vin De Pays D'Oc Rouge Igp 75cl,3.95,5.27,"['Bière, Cave et Spiritueux', 'Cave à vins', 'Vins à petits prix', 'Vin Rouge']",Roche Mazet,True,False,false,,,75cl,[],https://courses.monoprix.fr/images-v3/0c44253f-c4a3-4340-9d37-d41e42b9d14a/10a45562-611f-439b-8a60-69ee5854dec5/300x300.jpg
"Bière, Cave et Spiritueux",c6c24bb5-632e-4760-810d-e8fc3f094b5c,MPX_4016795,Paulaner Hefe-Weiss Bière Blonde Allemande 5.5% Bouteille 50cl,2.15,4.3,"['Bière, Cave et Spiritueux', 'Bières et Cidres', 'Bières Blondes']",Paulaner,True,False,false,2.0,MONTH,50cl,[],https://courses.monoprix.fr/images-v3/0c44253f-c4a3-4340-9d37-d41e42b9d14a/04221cab-c103-4906-9ac0-c0d6b663b274/300x300.jpg
"Bière, Cave et Spiritueux",7edcc835-0f6d-458d-bf53-801933f7107e,MPX_2092883,"Crazy Tropez 75 Clvin De Pays Du Var Igp, Rosé 75Cl",5.95,7.93,"['Nos régions de France', 'Paca', 'Provence']",Sarl tropez,True,False,false,,,750ml,[],https://courses.monoprix.fr/images-v3/0c44253f-c4a3-4340-9d37-d41e42b9d14a/acf8883e-3279-487b-9f8e-29569c9db236/300x300.jpg
"Bière, Cave et Spiritueux",27cd25c4-8dbe-4de0-9d38-46819e931c7d,MPX_958906,Cave De Beblenheim Alsace Aop Riesling Blanc 75Cl,5.95,7.93,"['Nos régions de France', 'Grand Est', 'Alsace']",CAVE DE BEBLENHEIM,True,False,false,,,750ml,[],https://courses.monoprix.fr/images-v3/0c44253f-c4a3-4340-9d37-d41e42b9d14a/8cbe5788-9b16-44a4-a52e-ed1a04cf67fe/300x300.jpg
"Bière, Cave et Spiritueux",1ba1ada7-a861-4f8f-8d84-0beb39ba7c76,MPX_1820856,"Willm Crémant D'Alsace Aop, Brut 75Cl",8.9,11.87,"['Nos régions de France', 'Grand Est', 'Alsace']",Willm,True,False,false,,,750ml,[],https://courses.monoprix.fr/images-v3/0c44253f-c4a3-4340-9d37-d41e42b9d14a/5a9d74e7-7098-4b69-bb2a-cf47fa1957ec/300x300.jpg
"Bière, Cave et Spiritueux",735113c9-a8f5-4113-b642-e8347b4bfffb,MPX_1663928,Amsterdam Maximator Bière Blonde intense 50cl,1.89,3.78,"['Bière, Cave et Spiritueux', 'Bières et Cidres', 'Bières Blondes']",Amsterdam,True,False,false,1.0,MONTH,50cl,[],https://courses.monoprix.fr/images-v3/0c44253f-c4a3-4340-9d37-d41e42b9d14a/159a122e-3fa5-4aa8-a127-7a334d944fea/300x300.jpg
"Bière, Cave et Spiritueux",2f1a4fd2-4583-4e24-9fee-de6688a9c19f,MPX_6620896,Asahi Bière Blonde Japonaise Super Dry 5° 6x33cl,9.99,5.05,"['Bière, Cave et Spiritueux', 'Bières et Cidres', 'Bières Blondes']",Asahi,True,False,false,2.0,MONTH,6 x 33cl,[],https://courses.monoprix.fr/images-v3/0c44253f-c4a3-4340-9d37-d41e42b9d14a/aa623e1e-5cb7-46fe-9620-6f173851d159/300x300.jpg
"Bière, Cave et Spiritueux",26796017-1e18-4037-b4b7-c0fe7c2fdce7,MPX_3330653,Sassy Cidre brut 33cl,2.99,9.06,"['Bière, Cave et Spiritueux', 'Bières et Cidres', 'Cidres']",Sassy,True,False,false,6.0,MONTH,33cl,[],https://courses.monoprix.fr/images-v3/0c44253f-c4a3-4340-9d37-d41e42b9d14a/7f21b9bf-0459-4ce7-8915-d879bd6a0da6/300x300.jpg
"Bière, Cave et Spiritueux",b550b779-e982-4f33-9c25-3edd44436b0c,MPX_1469676,Duvel Bière Spécial Blonde De Haute Fermentation 33Cl,2.35,7.12,"['Bière, Cave et Spiritueux', 'Bières et Cidres', 'Bières Blondes']",Duvel,True,False,false,1.0,MONTH,330ml,[],https://courses.monoprix.fr/images-v3/0c44253f-c4a3-4340-9d37-d41e42b9d14a/1ddba512-b51d-47a1-84ab-796044b6ddd3/300x300.jpg
"Bière, Cave et Spiritueux",d68306be-8c6d-4bab-9285-9948fbcc9ec8,MPX_2076386,Grimbergen Bière Blonde d'Abbaye 50 cl,2.09,4.18,"['Bière, Cave et Spiritueux', 'Bières et Cidres', 'Bières Blondes']",Grimbergen,True,False,false,1.0,MONTH,500ml,[],https://courses.monoprix.fr/images-v3/0c44253f-c4a3-4340-9d37-d41e42b9d14a/bf1292c7-d333-4690-9d6e-e568a0eff159/300x300.jpg
"Bière, Cave et Spiritueux",9483a922-66b0-49a4-a624-5665539c374b,MPX_2333836,"Duvel Bière Blonde 9,5% 33cl",3.15,9.55,"['Bière, Cave et Spiritueux', 'Bières et Cidres', 'Bières Blondes']",Duvel,True,False,false,1.0,MONTH,330ml,[],https://courses.monoprix.fr/images-v3/0c44253f-c4a3-4340-9d37-d41e42b9d14a/07c25ed9-5c9e-45ca-b605-86f1db6ff573/300x300.jpg
"Bière, Cave et Spiritueux",06a33154-71f4-4ed4-a284-505d99f70e7c,MPX_1419989,Jack Daniel's Blended Whisky Tennessee  1L,29.9,29.9,"['Bière, Cave et Spiritueux', 'Alcool et Cocktail', ""Jack Daniel's""]",Jack daniel's,True,False,false,,,1L,[],https://courses.monoprix.fr/images-v3/0c44253f-c4a3-4340-9d37-d41e42b9d14a/7f5c84e8-7ecb-4eec-8585-82184ec8e751/300x300.jpg
"Bière, Cave et Spiritueux",c7734145-c917-4553-8a4e-b27e9e796a2d,MPX_3717131,Monoprix x Briarde IPA Bière Rabourdin Artisanale 6.2% 33cl,2.19,6.64,"['Bière, Cave et Spiritueux', 'Bières et Cidres', 'Cave à Bières']",Monoprix,True,False,false,2.0,MONTH,33cl,[],https://courses.monoprix.fr/images-v3/0c44253f-c4a3-4340-9d37-d41e42b9d14a/d82ddbf8-6b4f-49d3-b708-7a14a70fd255/300x300.jpg
"Bière, Cave et Spiritueux",280916d1-d902-456e-b130-a14cf4273dc4,MPX_3765370,"1664 Bière Blonde Sans Alcool 0,0% 6x25cl",5.19,3.46,"['Bière, Cave et Spiritueux', 'Bières et Cidres', 'Bières sans Alcool et Panachés']",1664,True,False,false,1.0,MONTH,6 x 25cl,[],https://courses.monoprix.fr/images-v3/0c44253f-c4a3-4340-9d37-d41e42b9d14a/022654c3-c4a6-4b54-a05e-a272859147b9/300x300.jpg
"Bière, Cave et Spiritueux",5d1a377f-b3d5-412a-b82e-1459b0bdbf66,MPX_797399,Monoprix Cidre de Normandie brut bouché 75cl,2.19,2.92,"['Nos régions de France', 'Normandie', 'Calva, cidre et vinaigre']",Monoprix,True,False,false,,,750ml,[],https://courses.monoprix.fr/images-v3/0c44253f-c4a3-4340-9d37-d41e42b9d14a/af815a75-85ba-4911-a772-bd0035e92118/300x300.jpg
"Bière, Cave et Spiritueux",4a443c5c-4cc8-474f-a170-d9dcd7b2feef,MPX_3046837,Laurent-Perrier La Cuvée  Champagne Brut 75cl,35.9,47.87,"['Noël', 'Menu des fêtes', 'Les Champagnes']",Laurent perrier,True,False,false,,,75cl,[],https://courses.monoprix.fr/images-v3/0c44253f-c4a3-4340-9d37-d41e42b9d14a/c75eb534-ce00-438b-8a34-e3af909983f2/300x300.jpg
"Bière, Cave et Spiritueux",230c316e-adb8-45cb-8c84-9d8887f9c8a8,MPX_762,Mumm Cordon Rouge Champagne Brut 75cl,31.9,42.53,"['Noël', 'Menu des fêtes', 'Les Champagnes']",Mumm,True,False,false,,,75cl,[],https://courses.monoprix.fr/images-v3/0c44253f-c4a3-4340-9d37-d41e42b9d14a/8b688393-c3fb-4247-8a68-9b6726f75dea/300x300.jpg
"Bière, Cave et Spiritueux",17e1d9d2-1446-49e0-97ea-e2de473aa899,MPX_1800862,"Gobillard & Fils champagne AOP, blanc de blancs 75cl",26.9,35.87,"['Noël', 'Menu des fêtes', 'Les Champagnes']",Gobillard & Fils,True,False,false,,,750ml,[],https://courses.monoprix.fr/images-v3/0c44253f-c4a3-4340-9d37-d41e42b9d14a/6db301b2-7fab-4997-95ac-7d5b3344c032/300x300.jpg
"Bière, Cave et Spiritueux",65da3046-4fe2-4e71-89e7-5b283751d8c0,MPX_4029032,Grimbergen Bière Blonde D'Abbaye 6x25cl,5.59,3.73,"['Bière, Cave et Spiritueux', 'Bières et Cidres', 'Bières Blondes']",Grimbergen,True,False,false,2.0,MONTH,6 x 25cl,[],https://courses.monoprix.fr/images-v3/0c44253f-c4a3-4340-9d37-d41e42b9d14a/4688b8bb-2e2d-44eb-81d3-63be64303b36/300x300.jpg
"Bière, Cave et Spiritueux",284e01b8-e8fd-415f-a668-588b932f27da,MPX_1682338,La Vieille Ferme Ventou Rouge AOP 75cl,5.49,7.32,"['Bière, Cave et Spiritueux', 'Cave à vins', 'Vin rouge', 'Rhône']",La vieille ferme,True,False,false,,,75cl,[],https://courses.monoprix.fr/images-v3/0c44253f-c4a3-4340-9d37-d41e42b9d14a/deb8b6b1-e4dd-43ba-8ff9-8ddd02ffa82a/300x300.jpg
"Bière, Cave et Spiritueux",8758dae0-89a0-4520-b404-ea1b880c21a3,MPX_2351514,Les Chantebines Pouilly Fumé Aop Blanc 75Cl,15.99,21.32,"['Nos régions de France', 'Centre Val de Loire', 'Vins']",Les Chantebines,True,False,false,,,750ml,[],https://courses.monoprix.fr/images-v3/0c44253f-c4a3-4340-9d37-d41e42b9d14a/0d0827b4-4dc6-4d46-b3ac-09e70f151fd2/300x300.jpg
"Bière, Cave et Spiritueux",731a1049-13b2-4c41-9e67-7eea936c76e2,MPX_3648468,"Leffe Bière Blonde Sans Alcool 0,0% 6x25cl",6.39,4.26,"['Bière, Cave et Spiritueux', 'Bières et Cidres', 'Bières sans Alcool et Panachés']",Leffe,True,False,false,1.0,MONTH,6 x 25cl,[],https://courses.monoprix.fr/images-v3/0c44253f-c4a3-4340-9d37-d41e42b9d14a/63c865e6-9092-404d-b121-dfde5cbba09f/300x300.jpg
"Bière, Cave et Spiritueux",17f4c174-5dcc-47b7-9ce4-ed5511a14e92,MPX_3070125,Vignerons Ardéchois Sauvignon Chardonnay Blanc 3L,11.99,4.0,"['Bière, Cave et Spiritueux', 'Cave à vins', 'Fontaine à vin', 'Blanc']",VIGNERONS ARDECHOIS,True,False,false,,,3L,[],https://courses.monoprix.fr/images-v3/0c44253f-c4a3-4340-9d37-d41e42b9d14a/060647d4-955d-461f-8e6f-e7273b1b3220/300x300.jpg
"Bière, Cave et Spiritueux",ec09d178-5574-4bd4-8fbd-db82d87f7871,MPX_6623870,1664 Bière blanche 50cl,1.79,3.58,"['Bière, Cave et Spiritueux', 'Bières et Cidres', 'Bières Blanches et Aromatisées']",1664,True,False,false,2.0,MONTH,500ml,[],https://courses.monoprix.fr/images-v3/0c44253f-c4a3-4340-9d37-d41e42b9d14a/f3c1caf5-d297-4836-bfd5-d9c68fae9d25/300x300.jpg
"Bière, Cave et Spiritueux",97ef69a5-7870-4dad-9602-03fb6da0ebaf,MPX_2076312,Leffe Bière Blonde D'Abbaye Pack De 4X50cl,7.19,3.6,"['Bière, Cave et Spiritueux', 'Bières et Cidres', 'Bières Blondes']",Leffe,True,False,false,1.0,MONTH,4 x 50cl,[],https://courses.monoprix.fr/images-v3/0c44253f-c4a3-4340-9d37-d41e42b9d14a/54ab460b-16ee-43e4-b8bf-c0bc751a8ee7/300x300.jpg
"Bière, Cave et Spiritueux",7533bfda-ace7-4ab8-abba-ffeaa573c9b6,MPX_2035363,Sobieski Vodka 100cl,16.5,16.5,"['Bière, Cave et Spiritueux', 'Alcool et Cocktail', 'Vodka, Gin et Tequila']",Sobieski,True,False,false,,,1L,[],https://courses.monoprix.fr/images-v3/0c44253f-c4a3-4340-9d37-d41e42b9d14a/c07fb72c-9669-4416-9f6f-20be369424e4/300x300.jpg
"Bière, Cave et Spiritueux",00dafc90-dfde-4dd7-b262-9d57d8ac0fe1,MPX_3232365,Terre Di Marca Prosecco Doc Treviso Extra Dry Millesimato Biologico 75cl,9.9,13.2,"['Produits du monde', 'Italie - Italia', 'Boissons']",Terre di Marca,True,False,false,,,750ml,['Produit bio'],https://courses.monoprix.fr/images-v3/0c44253f-c4a3-4340-9d37-d41e42b9d14a/da2878fd-20c8-4d76-8fa4-ace5eb43c815/300x300.jpg
"Bière, Cave et Spiritueux",04593239-8e00-4385-b1ac-7b50b2f5cdb6,MPX_3454743,1664 Bière Blonde 12 x 33 cl,11.5,2.9,"['Bière, Cave et Spiritueux', 'Bières et Cidres', 'Bières Blondes']",1664,True,False,false,1.0,MONTH,12 x 33cl,[],https://courses.monoprix.fr/images-v3/0c44253f-c4a3-4340-9d37-d41e42b9d14a/acb38803-2987-4966-accb-120a2bb82d36/300x300.jpg
"Bière, Cave et Spiritueux",7dc0c75b-ec60-4ac3-8340-d51765e19096,MPX_163118,"Barré Frères Muscadet De Sèvre-Et-Maine Sur Lie Aop, Blanc 75Cl",5.9,7.87,"['Nos régions de France', 'Pays de la Loire', 'Vin, liqueur et soupe angevine']",Barré Frères,True,False,false,,,750ml,[],https://courses.monoprix.fr/images-v3/0c44253f-c4a3-4340-9d37-d41e42b9d14a/072c85af-2df5-4145-a3e0-5f523db97f9b/300x300.jpg
"Bière, Cave et Spiritueux",05b9a317-7049-4ce9-9684-fd1f3f22cda7,MPX_4951167,Peroni Nastro Azzurro Bières sans alcool 6x33cl,7.19,3.63,"['Bière, Cave et Spiritueux', 'Bières et Cidres', 'Bières sans Alcool et Panachés']",Peroni,True,False,false,2.0,MONTH,6 x 33cl,[],https://courses.monoprix.fr/images-v3/0c44253f-c4a3-4340-9d37-d41e42b9d14a/5323ea69-6822-4bbf-bc0b-77fdfc33bcb8/300x300.jpg
"Bière, Cave et Spiritueux",dec417aa-f3fd-4db3-8a32-ace0d2e6e5a8,MPX_2949847,Frassinelli Prosecco Treviso Italie Doc 75 cl,9.5,12.67,"['Produits du monde', 'Italie - Italia', 'Boissons']",Monoprix Gourmet,True,False,false,,,75cl,[],https://courses.monoprix.fr/images-v3/0c44253f-c4a3-4340-9d37-d41e42b9d14a/60e7eb84-5f84-44c8-a8c7-e1c1131adc60/300x300.jpg
"Bière, Cave et Spiritueux",8b0ec13e-ffb0-43cf-8cdb-2ea0d6377dd7,MPX_3874245,Prosecco - Mionetto Treviso - 75cl,7.34,9.79,"['Bière, Cave et Spiritueux', 'Cave à vins', 'Mousseux et Crémant']",Mionetto,True,False,false,,,750ml,[],https://courses.monoprix.fr/images-v3/0c44253f-c4a3-4340-9d37-d41e42b9d14a/038f1c79-0df7-4dfb-b084-405ff184550e/300x300.jpg
"Bière, Cave et Spiritueux",f1c14da7-93e4-4768-9d44-130477a5e089,MPX_2277828,Desperados Original Bière aromatisée à un spiritueux à base d'agave 6x33cl,8.89,4.49,"['Bière, Cave et Spiritueux', 'Bières et Cidres', 'Bières Blanches et Aromatisées']",Desperados,True,False,false,1.0,MONTH,6 x 33cl,[],https://courses.monoprix.fr/images-v3/0c44253f-c4a3-4340-9d37-d41e42b9d14a/e4cd3828-7ef3-4348-9e6e-3a87092eed39/300x300.jpg
"Bière, Cave et Spiritueux",000ff603-b4ee-4c56-a394-15446f38b64e,MPX_342589,"Gratien &Meyer Saumur Aop, Brut 75cl",6.15,8.2,"['Bière, Cave et Spiritueux', 'Cave à vins', 'Mousseux et Crémant']",GRATIEN MEYER,True,False,false,,,750ml,[],https://courses.monoprix.fr/images-v3/0c44253f-c4a3-4340-9d37-d41e42b9d14a/63315f51-5d18-4eb9-a1ce-21261d671018/300x300.jpg
"Bière, Cave et Spiritueux",d15ad012-c6b2-47fa-a871-5dbb50bfb029,MPX_970402,Freixenet Cordon Negro vin pétillante brut 75cl,6.8,9.07,"['Noël', 'Les Cadeaux à -20€']",Freixenet,True,False,false,,,75cl,['Produit bio'],https://courses.monoprix.fr/images-v3/0c44253f-c4a3-4340-9d37-d41e42b9d14a/c1f59d5c-77b9-4edf-b3c0-2eed73cd44dc/300x300.jpg
"Bière, Cave et Spiritueux",17c91f1f-4ebc-4582-9f2d-6627986cfbc1,MPX_2160119,BB de Berticot AOP Côtes de Duras Blanc Bio 75cl,5.95,7.93,"['Bio', 'Boisson et Cave bio', 'Cave bio']",bb de Berticot,True,False,false,,,750ml,['Produit bio'],https://courses.monoprix.fr/images-v3/0c44253f-c4a3-4340-9d37-d41e42b9d14a/41a03f0c-c20a-47e1-8a4e-859a83587288/300x300.jpg
"Bière, Cave et Spiritueux",96a3d46d-8b9b-4772-89ef-f80bae969066,MPX_4043693,Roche Mazet Pays d'Oc IGP Chardonnay Blanc 75cl,3.95,5.27,"['Bière, Cave et Spiritueux', 'Cave à vins', 'Vin blanc sec', 'Languedoc et Roussillon']",Roche Mazet,True,False,false,,,750ml,[],https://courses.monoprix.fr/images-v3/0c44253f-c4a3-4340-9d37-d41e42b9d14a/b75462e0-ba3e-4e16-a969-9fc246687b3c/300x300.jpg
"Bière, Cave et Spiritueux",b5369ff8-ff5a-45e9-929f-5286145e3786,MPX_1640118,"Roc de Candelon AOP Coteaux d'Aix-en-Provence, Rosé, Vin Bio, 75cl",5.9,7.87,"['Bio', 'Boisson et Cave bio', 'Cave bio']",LES VINS BREBAN,True,False,false,,,750ml,['Produit bio'],https://courses.monoprix.fr/images-v3/0c44253f-c4a3-4340-9d37-d41e42b9d14a/7bda041e-65af-4396-bc2a-d75fc9d3d26d/300x300.jpg
"Bière, Cave et Spiritueux",ec9e29ba-8307-4178-bcc7-1946dff7d2fe,MPX_2835166,"Vallée Des Reines Aop Cabernet D'Anjou, Rosé 75Cl",4.95,6.6,"['Nos sélections', 'Inspiration du moment', '& Apéro entre amis', 'Boissons et Vins']",Vallée des Reines,True,False,false,,,750ml,[],https://courses.monoprix.fr/images-v3/0c44253f-c4a3-4340-9d37-d41e42b9d14a/7c983adb-dc2a-4452-8933-681499573b5d/300x300.jpg
"Bière, Cave et Spiritueux",9cb09500-dc9c-4082-bcd0-b5919da6cc3f,MPX_3476591,"Brewdog Punk IPA 5,4% 4x33cl",9.29,7.04,"['Bière, Cave et Spiritueux', 'Bières et Cidres', 'Cave à Bières']",BREWDOG,True,False,false,1.0,MONTH,4 x 33cl,[],https://courses.monoprix.fr/images-v3/0c44253f-c4a3-4340-9d37-d41e42b9d14a/3fab4770-7d6a-47b9-a6e9-05bf0a40d45a/300x300.jpg
"Bière, Cave et Spiritueux",bfac13e4-3395-4fa1-8d2d-2b36132e6698,MPX_968398,"Martini Rosso, apéritif à base de vin 1L",10.9,10.9,"['Produits du monde', 'Italie - Italia', 'Boissons']",MARTINI,True,False,false,,,1L,[],https://courses.monoprix.fr/images-v3/0c44253f-c4a3-4340-9d37-d41e42b9d14a/5c315392-7eb5-4022-8591-0de2fe4f2f76/300x300.jpg
"Bière, Cave et Spiritueux",d7e1b603-54a5-4655-a7c8-2bda2e534422,MPX_657580,Ballantines Finest Blended Scotch Whisky 1L,23.9,23.9,"['Bière, Cave et Spiritueux', 'Alcool et Cocktail', 'Whisky']",Ballantine's,True,False,false,,,1L,[],https://courses.monoprix.fr/images-v3/0c44253f-c4a3-4340-9d37-d41e42b9d14a/e969a861-022e-4eb2-9bab-a70dd5cefd7a/300x300.jpg
"Bière, Cave et Spiritueux",71031c11-622d-48f4-9715-8a264a454c08,MPX_3318906,Pinot Noir Perrière Origine 75Cl,5.9,7.87,"['Bière, Cave et Spiritueux', 'Cave à vins', 'Vin rouge', 'Vins de pays et Vins de table']",NoBrand,True,False,false,,,750ml,[],https://courses.monoprix.fr/images-v3/0c44253f-c4a3-4340-9d37-d41e42b9d14a/7892e408-7ff0-4a3f-b6f7-2b084b296081/300x300.jpg
"Bière, Cave et Spiritueux",5598c1ed-fdf8-464a-aab0-1bcc4b7e4a43,MPX_3671695,Porto Cruz Tawny Rouge 75cl,10.5,14.0,"['Bière, Cave et Spiritueux', 'Alcool et Cocktail', 'Boisson apéritive']",Cruz,True,False,false,,,75cl,[],https://courses.monoprix.fr/images-v3/0c44253f-c4a3-4340-9d37-d41e42b9d14a/c32e880a-c703-47a9-afbf-0ccd27f487fe/300x300.jpg
"Bière, Cave et Spiritueux",5330e849-ddff-46fa-b68c-66689cce2414,MPX_968401,"Martini Bianco, Apéritif À Base De Vin 1L",10.9,10.9,"['Produits du monde', 'Italie - Italia', 'Boissons']",MARTINI,True,False,false,,,1L,[],https://courses.monoprix.fr/images-v3/0c44253f-c4a3-4340-9d37-d41e42b9d14a/a626bc55-e052-4e0c-93be-12c7efae7b92/300x300.jpg
"Bière, Cave et Spiritueux",5eeba08a-556b-43cd-825d-80b7270f2978,MPX_1834793,Domaine Pellé Menetou Salon AOP Blanc 75cl,12.0,16.0,"['Nos régions de France', 'Centre Val de Loire', 'Vins']",Domaine Pelle,True,False,false,,,750ml,[],https://courses.monoprix.fr/images-v3/0c44253f-c4a3-4340-9d37-d41e42b9d14a/c7d98540-0e0a-4c79-8038-f7072ad67628/300x300.jpg
"Bière, Cave et Spiritueux",3584a0cd-054b-4a95-a916-e89ee8a2ae81,MPX_2534974,8.6 Bière Blonde Original 50cl,1.59,3.18,"['Bière, Cave et Spiritueux', 'Bières et Cidres', 'Bières Blondes']",8.6,True,False,false,1.0,MONTH,50cl,[],https://courses.monoprix.fr/images-v3/0c44253f-c4a3-4340-9d37-d41e42b9d14a/c47b093c-c7bd-44f1-98e8-3d26c70c9afc/300x300.jpg
"Bière, Cave et Spiritueux",f442c8f4-d1f6-4c8a-87f5-2dd1ccb1115f,MPX_2187067,"Bailly Lapierre Crémant De Bourgogne Aop, Brut Bio 75Cl",10.9,14.53,"['Bio', 'Boisson et Cave bio', 'Cave bio']",Bailly Lapierre,True,False,false,,,750ml,['Produit bio'],https://courses.monoprix.fr/images-v3/0c44253f-c4a3-4340-9d37-d41e42b9d14a/11b71b1e-740d-445d-868f-e53e454cf435/300x300.jpg
"Bière, Cave et Spiritueux",f9184ea9-0b25-44b1-bc89-083dbc7f314d,MPX_5333707,"Erdinger Bière Weissber 5,3° Vol 50Cl",2.49,4.98,"['Bière, Cave et Spiritueux', 'Bières et Cidres', 'Cave à Bières']",ERDINGER,True,False,false,2.0,MONTH,50cl,[],https://courses.monoprix.fr/images-v3/0c44253f-c4a3-4340-9d37-d41e42b9d14a/a328c5aa-b293-42f4-af9e-8e0c08178756/300x300.jpg
"Bière, Cave et Spiritueux",8e161cda-91e5-4a12-b5fa-eb2674114c82,MPX_3070280,Ooh Poitou Sauvignon Haut Poitou Blanc 75Cl,7.2,9.6,"['Bière, Cave et Spiritueux', 'Cave à vins', 'Vin blanc sec', 'Loire']",OHH POITOU ,True,False,false,,,750ml,[],https://courses.monoprix.fr/images-v3/0c44253f-c4a3-4340-9d37-d41e42b9d14a/c6424692-528c-4c79-945c-90ef2157fc5d/300x300.jpg
"Bière, Cave et Spiritueux",e1b7ee61-70e4-4df1-8ba4-2b16e208a8e6,MPX_174084,Le Brun Cidre Fermier Brut 75cl,4.09,5.45,"['Pain et Viennoiserie', 'Viennoiserie', 'Galette et Brioche des rois']",LE BRUN,True,False,false,,,75cl,[],https://courses.monoprix.fr/images-v3/0c44253f-c4a3-4340-9d37-d41e42b9d14a/ca418b7d-6dfb-4c66-8358-e247e53ea6c9/300x300.jpg
"Bière, Cave et Spiritueux",e4fb76a1-ed7b-45bd-a292-1aac4d0b8d74,MPX_4080417,"Tourtel Bière Sans Alcool Aromatisée Citron 6x27,5cl",4.99,3.02,"['Bière, Cave et Spiritueux', 'Bières et Cidres', 'Bières sans Alcool et Panachés']",Tourtel,True,False,false,2.0,MONTH,6 x 27.5cl,[],https://courses.monoprix.fr/images-v3/0c44253f-c4a3-4340-9d37-d41e42b9d14a/d8095a3a-2c59-4f5e-b108-0603b10fbc8a/300x300.jpg
"Bière, Cave et Spiritueux",45625e80-47c4-4729-bec8-5020b035caf4,MPX_889239,Poliakov Vodka Premium Pur Grain 70Cl,13.5,19.29,"['Bière, Cave et Spiritueux', 'Alcool et Cocktail', 'Vodka, Gin et Tequila']",Poliakov,True,False,false,,,70cl,[],https://courses.monoprix.fr/images-v3/0c44253f-c4a3-4340-9d37-d41e42b9d14a/6d55bf59-077d-457f-bf51-0a2d604616f8/300x300.jpg
"Bière, Cave et Spiritueux",5f6a247f-5a35-4121-be8c-35f11e788001,MPX_6699396,Monoprix Eau minérale naturelle plate 6x1L,1.65,0.28,"['Boissons et Lait', 'Eau', 'Eau plate']",Monoprix,True,False,false,6.0,MONTH,6 x 1L,[],https://courses.monoprix.fr/images-v3/0c44253f-c4a3-4340-9d37-d41e42b9d14a/acd47508-2547-47ae-af96-460a9932af1a/300x300.jpg
"Bière, Cave et Spiritueux",cd0ef7d0-ff9a-4293-a8d6-ff7d2fe7bf74,MPX_1122,Kronenbourg Bière Blonde 4°2 6x33cl,4.79,2.42,"['Bière, Cave et Spiritueux', 'Bières et Cidres', 'Bières Blondes']",Kronenbourg,True,False,false,1.0,MONTH,6 x 33cl,[],https://courses.monoprix.fr/images-v3/0c44253f-c4a3-4340-9d37-d41e42b9d14a/9e1b13d9-feee-4277-8422-78fe126acfba/300x300.jpg
"Bière, Cave et Spiritueux",5dd9cff2-8b82-44bc-a036-beec9c204631,MPX_3033481,8.6 Bière Blonde Forte 4x50cl,5.89,2.95,"['Bière, Cave et Spiritueux', 'Bières et Cidres', 'Bières Blondes']",8.6,True,False,false,1.0,MONTH,4 x 50cl,[],https://courses.monoprix.fr/images-v3/0c44253f-c4a3-4340-9d37-d41e42b9d14a/0781c171-a5e2-4a68-b10c-2ae584ed1b44/300x300.jpg
"Bière, Cave et Spiritueux",06114e2e-72e6-422f-93ba-1b7648d447af,MPX_4200549,Monoprix Bière IPA La Briarde 75cl,4.69,6.25,"['Bière, Cave et Spiritueux', 'Bières et Cidres', 'Cave à Bières']",Monoprix,True,False,false,2.0,MONTH,75cl,[],https://courses.monoprix.fr/images-v3/0c44253f-c4a3-4340-9d37-d41e42b9d14a/5ac59e5e-3e93-430e-a4e6-0e67450dc504/300x300.jpg
"Bière, Cave et Spiritueux",24cba939-df96-4633-885e-f686d59a0220,MPX_5084364,Campari 25% Vol. 70Cl,21.5,30.71,"['Nos sélections', 'Inspiration du moment', '& Les produits méditerranéens', 'Cave et Spiritueux']",Campari,True,False,false,,,70cl,[],https://courses.monoprix.fr/images-v3/0c44253f-c4a3-4340-9d37-d41e42b9d14a/ffdb8406-502b-4224-8556-ad1b8fe66b51/300x300.jpg
"Bière, Cave et Spiritueux",0e4a1acb-f6b2-409b-b547-bb880ffa1107,MPX_797446,Monoprix Cidre de Normandie doux bouché 75cl,2.35,3.13,"['Nos régions de France', 'Normandie', 'Calva, cidre et vinaigre']",Monoprix,True,False,false,,,750ml,[],https://courses.monoprix.fr/images-v3/0c44253f-c4a3-4340-9d37-d41e42b9d14a/0a5b42e3-3906-4c52-9afe-872a0997b86d/300x300.jpg
"Bière, Cave et Spiritueux",8a189ef5-567d-4970-87c6-134b3eca6394,MPX_3059435,Nobrand Aoc Luberon Rouge Prieure 3L,11.99,4.0,"['Bière, Cave et Spiritueux', 'Cave à vins', 'Fontaine à vin', 'Rouge']",NoBrand,True,False,false,,,3L,[],https://courses.monoprix.fr/images-v3/0c44253f-c4a3-4340-9d37-d41e42b9d14a/f4576e10-37e5-417c-b94e-690514e0ea9e/300x300.jpg
"Bière, Cave et Spiritueux",9845bfc5-7bff-48f6-8bf4-6436d2c155f2,MPX_3318907,Sauvignon Perriere Origine 75Cl,5.9,7.87,"['Bière, Cave et Spiritueux', 'Cave à vins', 'Vin blanc sec', 'Loire']",NoBrand,True,False,false,,,750ml,[],https://courses.monoprix.fr/images-v3/0c44253f-c4a3-4340-9d37-d41e42b9d14a/14f3507b-7bb8-4f2c-92dc-599358a0a1d9/300x300.jpg
"Bière, Cave et Spiritueux",c733c08f-eb1e-449a-af5e-4d2797ccd44e,MPX_1680406,"Florenbelle Vin De Pays Des Côtes De Gascogne Igp, Blanc 75cl",4.5,6.0,"['Bière, Cave et Spiritueux', 'Cave à vins', 'Vin blanc sec', 'Vins de pays et Vins de table']",FLORENBELLE,True,False,false,,,750ml,[],https://courses.monoprix.fr/images-v3/0c44253f-c4a3-4340-9d37-d41e42b9d14a/86529c9d-6c0e-4a17-9b3c-ad822b807292/300x300.jpg
"Bière, Cave et Spiritueux",c0b19052-f482-4cde-ae51-0bd4434b46d0,MPX_3393583,Les Ursulines Chardonnay Blanc 75cl,12.9,17.2,"['Nos régions de France', 'Bourgogne Franche Comté', 'Bourgogne']",Les Ursulines,True,False,false,,,750ml,[],https://courses.monoprix.fr/images-v3/0c44253f-c4a3-4340-9d37-d41e42b9d14a/b4913b6e-6fd0-4f9c-92e1-db4943bcbb1a/300x300.jpg
"Bière, Cave et Spiritueux",d8421801-5aba-4d9e-b8b1-4111faaff065,MPX_6615211,Ninkasi bière neipa 44cl 6%,3.15,7.16,"['Bière, Cave et Spiritueux', 'Bières et Cidres', 'Cave à Bières']",Ninkasi,True,False,false,2.0,MONTH,44cl,[],https://courses.monoprix.fr/images-v3/0c44253f-c4a3-4340-9d37-d41e42b9d14a/2ab36a82-0040-48b7-8fa4-c6039b24bf43/300x300.jpg
"Bière, Cave et Spiritueux",a59335e3-feb2-40ca-8d56-329874554e00,MPX_2962000,"Château Noriou Lalibarde Côtes-De-Bourg Aop, Vin Rouge 3L",18.9,6.3,"['Bière, Cave et Spiritueux', 'Cave à vins', 'Vin rouge', 'Bordeaux']",Château Noriou Lalibarde,True,False,false,,,3L,[],https://courses.monoprix.fr/images-v3/0c44253f-c4a3-4340-9d37-d41e42b9d14a/7346b334-45e1-4757-8410-ff6ecfefba0e/300x300.jpg
"Bière, Cave et Spiritueux",7d7cb43e-53f8-4b32-893a-f52ff62ab563,MPX_3500301,Tripack Riccadonna Prosecco 3*20cl,9.5,15.83,"['Promotions', 'Promo Boissons', 'Promo Spiritueux']",Riccadonna,True,False,false,,,3 x 20cl,[],https://courses.monoprix.fr/images-v3/0c44253f-c4a3-4340-9d37-d41e42b9d14a/ac958ef5-b0b5-4682-98f4-42edf45f6b53/300x300.jpg
"Bière, Cave et Spiritueux",0ba655b2-5187-4dee-9e33-6afb39840b86,MPX_1906660,Paulaner Weissbier Bière Blonde 50cl,2.19,4.38,"['Bière, Cave et Spiritueux', 'Bières et Cidres', 'Cave à Bières']",Paulaner,True,False,false,1.0,MONTH,500ml,[],https://courses.monoprix.fr/images-v3/0c44253f-c4a3-4340-9d37-d41e42b9d14a/186b8396-6dc8-45ea-be4e-796a5a6e8df1/300x300.jpg
"Bière, Cave et Spiritueux",f3c8d30f-a1e6-422a-84ef-bb5d0a47f56f,MPX_1787827,La Vieille Ferme Côtes Du Luberon Aop Blanc 75Cl,4.99,6.65,"['Nos recettes', 'Recettes Gastronomie Française', '& Gigot au chocolat']",La vieille ferme,True,False,false,,,750ml,[],https://courses.monoprix.fr/images-v3/0c44253f-c4a3-4340-9d37-d41e42b9d14a/eb252847-33c1-4748-ab4a-bf26cf441cab/300x300.jpg
"Bière, Cave et Spiritueux",4e18db82-89b7-4a83-bad9-88f7d173cfed,MPX_1678610,"Grezas Côtes Du Rhône Aop, Rouge 75cl",4.99,6.65,"['Bière, Cave et Spiritueux', 'Cave à vins', 'Vin rouge', 'Rhône']",GREZAS,True,False,false,,,750ml,[],https://courses.monoprix.fr/images-v3/0c44253f-c4a3-4340-9d37-d41e42b9d14a/d2eb94cb-53ff-4624-8f03-a802be8638d8/300x300.jpg
"Bière, Cave et Spiritueux",e2b8106d-eb03-41ad-8ec6-533cbf75e8a9,MPX_6616090,Asahi super dry 0.0 btle 6x33cl,9.55,4.82,"['Bière, Cave et Spiritueux', 'Bières et Cidres', 'Bières sans Alcool et Panachés']",Asahi,True,False,false,1.0,MONTH,6 x 33cl,[],https://courses.monoprix.fr/images-v3/0c44253f-c4a3-4340-9d37-d41e42b9d14a/e1121c60-810e-4eca-ba27-19394283bb1a/300x300.jpg
"Bière, Cave et Spiritueux",a1feb5dd-a2b9-433f-94a6-e7781962fe7f,MPX_3810312,Champagne Paul Louis Martinextra Brut Grand Cru 75 Cl,32.5,43.33,"['Noël', 'Menu des fêtes', 'Les Champagnes']",Champagne Paul Louis Martin,True,False,false,,,750ml,[],https://courses.monoprix.fr/images-v3/0c44253f-c4a3-4340-9d37-d41e42b9d14a/451ece14-4a72-42e8-9e6b-d8eacde2de8b/300x300.jpg
"Bière, Cave et Spiritueux",371114eb-6727-48b5-9129-22def2b279ef,MPX_6728654,Fischer Tradition Bière blonde d'Alsace 66cl,2.25,3.41,"['Bière, Cave et Spiritueux', 'Bières et Cidres', 'Bières Blondes']",Fischer tradition,True,False,false,2.0,MONTH,66cl,[],https://courses.monoprix.fr/images-v3/0c44253f-c4a3-4340-9d37-d41e42b9d14a/643457cd-3ab9-4e7b-85dc-97f27d7f89c4/300x300.jpg
"Bière, Cave et Spiritueux",eb6f187d-2873-400a-a93a-293ad36cc336,MPX_1543465,Leffe Rituel pack 6x25 cl,6.59,4.39,"['Bière, Cave et Spiritueux', 'Bières et Cidres', 'Bières Blondes']",Leffe,True,False,false,2.0,WEEK,6 x 25cl,[],https://courses.monoprix.fr/images-v3/0c44253f-c4a3-4340-9d37-d41e42b9d14a/d4182eaf-33f0-451f-afd9-f12f5df799b7/300x300.jpg
"Bière, Cave et Spiritueux",19ed7657-382e-4b19-8e61-0e55780e245c,MPX_1624659,Willm Gewurztraminer AOP Alsace Blanc 75cl,9.9,13.2,"['Nos régions de France', 'Grand Est', 'Alsace']",Willm,True,False,false,,,750ml,[],https://courses.monoprix.fr/images-v3/0c44253f-c4a3-4340-9d37-d41e42b9d14a/ae2c1933-8baf-4db1-935b-51761f2af549/300x300.jpg
"Bière, Cave et Spiritueux",bff919ad-9d83-4f9a-8c61-c6b050f9e62c,MPX_3918591,Heineken Bière Blonde 12x33cl,10.9,2.75,"['Bière, Cave et Spiritueux', 'Bières et Cidres', 'Bières Blondes']",Heineken,True,False,false,2.0,MONTH,12 x 33cl,[],https://courses.monoprix.fr/images-v3/0c44253f-c4a3-4340-9d37-d41e42b9d14a/f3794ceb-f015-41c3-84d2-cba2df2b9a6d/300x300.jpg
"Bière, Cave et Spiritueux",3eb30fe6-a5e7-4f11-9c53-956891353704,MPX_25039,Kronenbourg Bière Blonde D'Alsace 50 cl,1.15,2.3,"['Bière, Cave et Spiritueux', 'Bières et Cidres', 'Bières Blondes']",Kronenbourg,True,False,false,1.0,MONTH,50cl,[],https://courses.monoprix.fr/images-v3/0c44253f-c4a3-4340-9d37-d41e42b9d14a/9a9a83ab-f4a6-492b-a1ea-7f39178b4494/300x300.jpg
"Bière, Cave et Spiritueux",4b584f5b-a9ef-443e-94b8-571d84002648,MPX_2862763,Jeanlain Bière ambrée 50cl,2.19,4.38,"['Bière, Cave et Spiritueux', 'Bières et Cidres', 'Cave à Bières']",Jenlain,True,False,false,1.0,MONTH,50cl,[],https://courses.monoprix.fr/images-v3/0c44253f-c4a3-4340-9d37-d41e42b9d14a/07d6e961-c083-41a3-b97f-8d1ac62ee569/300x300.jpg
"Bière, Cave et Spiritueux",82a62c83-ee63-4ca4-9462-871e3ef7d3cf,MPX_6582019,Chevron Villette Igp ile de beauté dom casa gris 75cl,5.9,7.87,"['Bière, Cave et Spiritueux', 'Cave à vins', 'Vin rosé', 'Provence et Corse']",Chevron Villette,True,False,false,,,750ml,[],https://courses.monoprix.fr/images-v3/0c44253f-c4a3-4340-9d37-d41e42b9d14a/321df429-7e2c-4432-8473-087a8ee122b8/300x300.jpg
"Bière, Cave et Spiritueux",a5baf731-0196-48f4-b749-380ce8429239,MPX_171795,3 Monts Bière Blonde de Flandre 75cl,3.35,4.47,"['Bière, Cave et Spiritueux', 'Bières et Cidres', 'Cave à Bières']",3 monts,True,False,false,1.0,MONTH,75cl,[],https://courses.monoprix.fr/images-v3/0c44253f-c4a3-4340-9d37-d41e42b9d14a/31335ed7-ff90-47ff-8f48-cc0a254eb7e3/300x300.jpg
"Bière, Cave et Spiritueux",dd204d0b-e126-4488-ae0c-a019cb213459,MPX_2107714,Clos De Nouys Vouvray Aop Blanc Sec 75Cl,8.95,11.93,"['Nos régions de France', 'Centre Val de Loire', 'Vins']",CLOS DE NOUYS,True,False,false,,,750ml,[],https://courses.monoprix.fr/images-v3/0c44253f-c4a3-4340-9d37-d41e42b9d14a/4ed478e6-1f57-478e-8c81-c522f8cb7d37/300x300.jpg
"Bière, Cave et Spiritueux",c88a1134-ec6f-4118-a15d-6998fcb6d482,MPX_342638,Gibson’S London Dry Gin 70Cl,13.9,19.86,"['Bière, Cave et Spiritueux', 'Alcool et Cocktail', 'Vodka, Gin et Tequila']",Gibson's,True,False,false,,,70cl,[],https://courses.monoprix.fr/images-v3/0c44253f-c4a3-4340-9d37-d41e42b9d14a/848f86f7-750d-485f-9aca-be1fd467f958/300x300.jpg
"Bière, Cave et Spiritueux",89aced29-22cd-4647-a765-67854a4a5d02,MPX_2290476,Grolsch bière blonde 50cl,1.49,2.98,"['Bière, Cave et Spiritueux', 'Bières et Cidres', 'Bières Blondes']",Grolsch,True,False,false,1.0,MONTH,500ml,[],https://courses.monoprix.fr/images-v3/0c44253f-c4a3-4340-9d37-d41e42b9d14a/25a901ae-5600-4282-bb52-228ba3aff8d9/300x300.jpg
"Bière, Cave et Spiritueux",1b580d1f-6352-49f1-a9f6-c8d7725ec83c,MPX_4409819,1664 Blanc Bière Blanche Sans Alcool 0 % 6X25Cl,5.85,3.9,"['Bière, Cave et Spiritueux', 'Bières et Cidres', 'Bières sans Alcool et Panachés']",1664,True,False,false,2.0,MONTH,6 x 25cl,[],https://courses.monoprix.fr/images-v3/0c44253f-c4a3-4340-9d37-d41e42b9d14a/3f9351ea-c38d-4fc5-8c99-3f97cd887a55/300x300.jpg
"Bière, Cave et Spiritueux",f1d3d2ff-ac7e-4655-afc0-c42a8d060415,MPX_5632058,Starberg Bière blonde 4% 50cl,0.89,1.78,"['Bière, Cave et Spiritueux', 'Bières et Cidres', 'Bières Blondes']",Starberg,True,False,false,2.0,MONTH,500ml,[],https://courses.monoprix.fr/images-v3/0c44253f-c4a3-4340-9d37-d41e42b9d14a/64844315-04b9-4793-b6ae-d9023fa80c9d/300x300.jpg
"Bière, Cave et Spiritueux",f91bbb25-6437-4cfc-9a2c-91b45651d5c8,MPX_2059765,"La Villageoise Vin De Table De La Communauté Européenne, Rosé 150cl",3.8,2.53,"['Bière, Cave et Spiritueux', 'Cave à vins', 'Vins à petits prix', 'Vin Rosé']",La Villageoise,True,False,false,,,1.5L,[],https://courses.monoprix.fr/images-v3/0c44253f-c4a3-4340-9d37-d41e42b9d14a/38e0161d-3e9f-429f-87e0-87941eb7a60f/300x300.jpg
"Bière, Cave et Spiritueux",984cfa99-9a8e-4cdc-93f9-5f517801d12d,MPX_1120,1664 Bière Blonde 6x25cl,4.85,3.23,"['Bière, Cave et Spiritueux', 'Bières et Cidres', 'Bières Blondes']",1664,True,False,false,2.0,MONTH,6 x 25cl,[],https://courses.monoprix.fr/images-v3/0c44253f-c4a3-4340-9d37-d41e42b9d14a/55194bdb-3bf4-4a43-8b33-631ed94b1d0a/300x300.jpg
"Bière, Cave et Spiritueux",ac14bce8-14c4-4d2e-846f-c3ea05c71ae1,MPX_2836180,Ropiteau Bourgogne Aligoté Aop Blanc 75cl,9.5,12.67,"['Nos sélections', 'Inspiration du moment', '& Fondus de la raclette', 'Vins']",Ropiteau,True,False,false,,,75cl,[],https://courses.monoprix.fr/images-v3/0c44253f-c4a3-4340-9d37-d41e42b9d14a/5f575dbc-9b76-41a6-93c5-e23c2c3358e8/300x300.jpg
"Bière, Cave et Spiritueux",0365309a-10c8-43c3-909f-58fd97674228,MPX_3525425,LOIC RAISON Cidre Brut intense 75cl,3.49,4.65,"['Bière, Cave et Spiritueux', 'Bières et Cidres', 'Cidres']",Loïc Raison,True,False,false,,,750ml,[],https://courses.monoprix.fr/images-v3/0c44253f-c4a3-4340-9d37-d41e42b9d14a/5e5107dc-6cf5-4b78-a0d7-6b2e04b80ba4/300x300.jpg
"Bière, Cave et Spiritueux",702cb89e-2250-4df9-b72f-76d9e6d1f8e1,MPX_797564,"Gobillard & Fils Champagne 1Er Cru Aop, Brut 75Cl",26.9,35.87,"['Noël', 'Menu des fêtes', 'Les Champagnes']",Gobillard & Fils,True,False,false,,,750ml,[],https://courses.monoprix.fr/images-v3/0c44253f-c4a3-4340-9d37-d41e42b9d14a/f977009d-6c69-49c0-b0d4-9cd4f7513021/300x300.jpg
"Bière, Cave et Spiritueux",83afa798-8bdc-4433-903c-eb5c5c23cede,MPX_6615631,L.B.F bière ipa 5% vol 33cl,3.09,9.36,"['Bière, Cave et Spiritueux', 'Bières et Cidres', 'Cave à Bières']",L.B.F.,True,False,false,2.0,MONTH,33cl,[],https://courses.monoprix.fr/images-v3/0c44253f-c4a3-4340-9d37-d41e42b9d14a/c74bec7b-7053-4fcd-b1dd-f9c6fd20962a/300x300.jpg
"Bière, Cave et Spiritueux",175ec133-dc63-460d-86de-4e21a9f0c40b,MPX_1123,1664 Bière Blonde 6x33cl,5.85,2.95,"['Bière, Cave et Spiritueux', 'Bières et Cidres', 'Bières Blondes']",1664,True,False,false,1.0,MONTH,6 x 33cl,[],https://courses.monoprix.fr/images-v3/0c44253f-c4a3-4340-9d37-d41e42b9d14a/8952f6ce-6811-4244-b5bf-0b7cf81eab16/300x300.jpg
Boissons et Lait,5f86bac5-48be-4ffe-a314-1f215dc5f255,MPX_2409711,"Vittel Eau Minérale Naturelle Des Vosges 6x1,5L",3.55,0.39,"['Boissons et Lait', 'Eau', 'Eau plate']",Vittel,True,False,false,1.0,MONTH,6 x 1.5L,[],https://courses.monoprix.fr/images-v3/0c44253f-c4a3-4340-9d37-d41e42b9d14a/5e7e6892-d6f0-4792-996c-aae7839e7834/300x300.jpg
Boissons et Lait,e9fbe63d-4826-42d1-a5b5-e5b0ac465bdc,MPX_1180595,"Wattwiller Eau Minérale Naturelle 6x1,5L",4.59,0.51,"['Boissons et Lait', 'Eau', 'Eau plate']",WATTWILLER,True,False,false,1.0,MONTH,6 x 1.5L,[],https://courses.monoprix.fr/images-v3/0c44253f-c4a3-4340-9d37-d41e42b9d14a/5fd31b6f-8c2a-47d3-96b4-ed3d7bbaffac/300x300.jpg
Boissons et Lait,cb2a8a52-463c-43b1-8bf0-0d7d869b0033,MPX_2454314,Perrier Eau Minérale Naturelle Gazeuse 6x33cl,3.19,1.61,"['Boissons et Lait', 'Eau', 'Eau gazeuse']",Perrier,True,False,false,1.0,MONTH,6 x 33cl,[],https://courses.monoprix.fr/images-v3/0c44253f-c4a3-4340-9d37-d41e42b9d14a/49c2206b-434e-4d16-8038-8c17f8438a4c/300x300.jpg
Boissons et Lait,3b5941c2-ae78-4888-93c3-c36c2f7ae818,MPX_1111204,Matin Leger Lait Sans Lactose 6x1L,12.49,2.08,"['Boissons et Lait', 'Lait', 'Lait UHT demi-écrémé']",Matin leger,True,False,false,4.0,WEEK,6 x 1L,[],https://courses.monoprix.fr/images-v3/0c44253f-c4a3-4340-9d37-d41e42b9d14a/a86b8ad3-1998-44d0-a591-408508857693/300x300.jpg
Boissons et Lait,f542c3df-c261-42f5-8ae8-71662626f590,MPX_3207686,"Fuzetea thé noir pêche intense 1,25l",2.39,1.91,"['Promotions', 'Les promos à ne pas manquer', 'Le 2ème à moins 50%']",Fuzetea,True,False,false,1.0,MONTH,1.25L,[],https://courses.monoprix.fr/images-v3/0c44253f-c4a3-4340-9d37-d41e42b9d14a/e4dc31bd-ea9a-4cab-ae3a-8c12d4e3dffd/300x300.jpg
Boissons et Lait,678f08c0-8f27-46f7-aba3-545ea7489dd0,MPX_33659,Perrier Eau Minérale Naturelle Gazeuse 8x20cl,4.39,2.74,"['Boissons et Lait', 'Eau', 'Eau gazeuse']",Perrier,True,False,false,1.0,MONTH,8 x 20cl,[],https://courses.monoprix.fr/images-v3/0c44253f-c4a3-4340-9d37-d41e42b9d14a/ebe66d32-6894-484e-a5e0-acc4032d86a9/300x300.jpg
Boissons et Lait,30597582-0438-4eaf-94b9-0f1eba8c2dfe,MPX_1557473,"Seven Up 7up - Soda zero sucres citron & citron vert - La bouteille de 1,5L",1.49,0.99,"['Promotions', 'Les promos à ne pas manquer', 'Le 2ème à moins 50%']",7up,True,False,false,1.0,MONTH,1.5L,[],https://courses.monoprix.fr/images-v3/0c44253f-c4a3-4340-9d37-d41e42b9d14a/5cb61ab9-6ebe-40f7-917c-404cbf28283c/300x300.jpg
Boissons et Lait,61509a35-088e-4131-89e2-be6d4cb5ac5a,MPX_1251586,Matin Leger Lait Écrémé Sans Lactose 6x1L,13.9,2.32,"['Boissons et Lait', 'Lait', 'Lait UHT écrémé']",Matin leger,True,False,false,4.0,WEEK,6 x 1L,[],https://courses.monoprix.fr/images-v3/0c44253f-c4a3-4340-9d37-d41e42b9d14a/02a31fdd-36b0-471b-93d7-c1c3c0b8d9de/300x300.jpg
Boissons et Lait,8d7ee39c-2afd-4dc6-b5b3-8ddcc31bcda1,MPX_2480541,Matin Léger de Lactel à 1.2% de m.g. UHT bouteille 6x25cl,6.45,4.3,"['Boissons et Lait', 'Lait', 'Lait UHT demi-écrémé']",MATIN LEGER DE LACTEL,True,False,false,4.0,WEEK,6 x 25cl,[],https://courses.monoprix.fr/images-v3/0c44253f-c4a3-4340-9d37-d41e42b9d14a/5c45809c-8458-47e5-81af-5d42adc66f6c/300x300.jpg
Boissons et Lait,eb065861-6152-41d3-9ce5-28ca465023ee,MPX_3860531,"Lutecia Eau Minérale Naturelle 6x1,5L",3.99,0.44,"['Boissons et Lait', 'Eau', 'Eau plate']",Lutecia,True,False,false,6.0,MONTH,6 x 1.5L,[],https://courses.monoprix.fr/images-v3/0c44253f-c4a3-4340-9d37-d41e42b9d14a/c41ff004-37b5-438d-8472-310bb83aa880/300x300.jpg
Boissons et Lait,b7e3b653-3416-4a27-92bb-186b58e21090,MPX_4004572,"Brooklyn Special Effects Bière sans Alcool 0,0% 4x33cl",7.89,5.98,"['Bière, Cave et Spiritueux', 'Bières et Cidres', 'Cave à Bières']",BROOKLYN,True,False,false,2.0,MONTH,4 x 33cl,[],https://courses.monoprix.fr/images-v3/0c44253f-c4a3-4340-9d37-d41e42b9d14a/9c646873-f3ca-4746-9faf-ab1065026511/300x300.jpg
Boissons et Lait,b4a59f9e-e06d-4367-9fb5-32ef74a50d0e,MPX_1677359,Matin Leger Lait Sans Lactose 6x50cl,8.69,2.9,"['Boissons et Lait', 'Lait', 'Lait UHT demi-écrémé']",Matin leger,True,False,false,4.0,WEEK,6 x 50cl,[],https://courses.monoprix.fr/images-v3/0c44253f-c4a3-4340-9d37-d41e42b9d14a/f4d75d8a-9bf6-405d-88ea-cf392153368b/300x300.jpg
Boissons et Lait,57dac40f-2ef0-4a0d-b9e4-11c2526f16d5,MPX_1715494,Red Bull boisson énergisante sans sucres le pack de 4x25cl,5.79,5.79,"['Boissons et Lait', 'Soda et Boisson aromatisée', 'Boisson énergisante']",Red bull,True,False,false,1.0,MONTH,4 x 25cl,"['Produit halal', 'Produit vegan', 'Produit casher']",https://courses.monoprix.fr/images-v3/0c44253f-c4a3-4340-9d37-d41e42b9d14a/f15e14ed-7b59-40dd-b157-6bc3c37f68e7/300x300.jpg
Boissons et Lait,58165c74-2612-43b5-98cf-be108435aa4a,MPX_3207685,"Fuzetea thé noir pêche hibiscus 1,25l",2.39,1.91,"['Promotions', 'Les promos à ne pas manquer', 'Le 2ème à moins 50%']",Fuzetea,True,False,false,1.0,MONTH,1.25L,[],https://courses.monoprix.fr/images-v3/0c44253f-c4a3-4340-9d37-d41e42b9d14a/6728ae2d-87f5-40d4-98a8-786f6c154353/300x300.jpg
Boissons et Lait,cd66a9ab-49d1-459a-96cb-3a355da7c1e0,MPX_6719585,Maison perrier & Magnetic Juice Boisson Gazeuse Ananas Mangue 4x25cl,3.09,3.09,"['Boissons et Lait', 'Eau', 'Eau aromatisée gazeuse']",Maison perrier,True,False,false,2.0,MONTH,1L,[],https://courses.monoprix.fr/images-v3/0c44253f-c4a3-4340-9d37-d41e42b9d14a/b63d5a94-9221-46d1-93f2-144b2587b0c2/300x300.jpg
Boissons et Lait,a8476050-3343-4f60-8dfc-a8cecf3bfdde,MPX_5186465,Starbucks Cappuccino 220ml,2.69,12.23,"['Boissons et Lait', 'Lait', 'Lait aromatisé']",Starbucks,True,False,false,1.0,WEEK,220ml,[],https://courses.monoprix.fr/images-v3/0c44253f-c4a3-4340-9d37-d41e42b9d14a/ff50adb3-9e5a-4a7b-834d-9f0ae39c8cf1/300x300.jpg
Boissons et Lait,362955b3-7687-481a-a93a-d35c83fb23ff,MPX_3860532,Lutecia Eau Minérale Naturelle 6x50cl,2.69,0.9,"['Boissons et Lait', 'Eau', 'Eau plate']",Lutecia,True,False,false,6.0,MONTH,6 x 50cl,[],https://courses.monoprix.fr/images-v3/0c44253f-c4a3-4340-9d37-d41e42b9d14a/05f524ce-1224-42f6-b23d-48d765f19bba/300x300.jpg
Boissons et Lait,bb6d6200-d5b6-4d6a-ab53-24ddc8357d01,MPX_3045527,"Heineken Bière Blonde Sans Alcool 0,0% 6x25cl",5.25,3.5,"['Bière, Cave et Spiritueux', 'Bières et Cidres', 'Bières sans Alcool et Panachés']",Heineken,True,False,false,1.0,MONTH,6 x 25cl,[],https://courses.monoprix.fr/images-v3/0c44253f-c4a3-4340-9d37-d41e42b9d14a/e96c190d-1e7a-4f85-ab3e-b351872cddbf/300x300.jpg
Boissons et Lait,1b865eeb-3c5c-4b25-8238-ce9b29aaadf8,MPX_2638584,Innocent smoothie antioxydant la bouteille 75cl,4.95,6.6,"['Fruits & Légumes', 'Jus Frais & Smoothies', 'Smoothies']",Innocent,True,False,false,1.0,WEEK,750ml,[],https://courses.monoprix.fr/images-v3/0c44253f-c4a3-4340-9d37-d41e42b9d14a/2b30a32f-9ecc-43eb-b3bf-967fa33fe944/300x300.jpg
Boissons et Lait,ddfddb3a-b9a2-4316-b414-f2be115e151f,MPX_1068,"Evian Eau Minérale Naturelle 6x1,5L",4.19,0.47,"['Bébé', 'Alimentation bébé', 'Eau']",Evian,True,False,false,1.0,MONTH,6 x 1.5L,[],https://courses.monoprix.fr/images-v3/0c44253f-c4a3-4340-9d37-d41e42b9d14a/e98b41c7-10c4-4a1d-b780-ac06f283b9a6/300x300.jpg
Boissons et Lait,9e7cfe9e-e961-423d-af4d-caf5e3c722a2,MPX_3959338,"Cristaline Eau De Source 6x1,5L",1.45,0.16,"['Boissons et Lait', 'Eau', 'Eau plate']",Cristaline,True,False,false,6.0,MONTH,6 x 1.5L,[],https://courses.monoprix.fr/images-v3/0c44253f-c4a3-4340-9d37-d41e42b9d14a/412b7ced-0f1e-4385-9a22-4cbc20a022a8/300x300.jpg
Boissons et Lait,c6343021-62b4-451a-84e6-873f77dee482,MPX_3255127,"Volvic Eau Minérale Naturelle Volcanique 6x1,5L",3.75,0.42,"['Boissons et Lait', 'Eau', 'Eau plate']",Volvic,True,False,false,1.0,MONTH,6 x 1.5L,[],https://courses.monoprix.fr/images-v3/0c44253f-c4a3-4340-9d37-d41e42b9d14a/6f0dac2f-e3b6-4f9b-9ce5-cbb5a6382025/300x300.jpg
Boissons et Lait,e9e76e50-3b87-4641-84f3-ed2f5e63008d,MPX_3611456,Mont Roucous Eau Minérale Naturelle 6x1L,3.39,0.57,"['Bébé', 'Alimentation bébé', 'Eau']",Mont roucous,True,False,false,1.0,MONTH,6 x 1L,[],https://courses.monoprix.fr/images-v3/0c44253f-c4a3-4340-9d37-d41e42b9d14a/b8c11eb8-6486-44ad-ac3b-ce7b3e3c232f/300x300.jpg
Boissons et Lait,da5dc3da-185b-43df-b12e-094441973758,MPX_952676,San Pellegrino Eau Minérale Naturelle Gazeuse 6x1L,4.95,0.83,"['Boissons et Lait', 'Eau', 'Eau gazeuse']",San pellegrino,True,False,false,1.0,MONTH,6 x 1L,[],https://courses.monoprix.fr/images-v3/0c44253f-c4a3-4340-9d37-d41e42b9d14a/bfff63b9-b776-4954-a519-cc7b3330987d/300x300.jpg
Boissons et Lait,14f60f2b-807c-46d0-b482-4f91a9da94fe,MPX_727858,Evian eau minérale naturelle 6x1L,3.59,0.6,"['Bébé', 'Alimentation bébé', 'Eau']",Evian,True,False,false,1.0,MONTH,6 x 1L,[],https://courses.monoprix.fr/images-v3/0c44253f-c4a3-4340-9d37-d41e42b9d14a/d8c232ab-488e-4a8a-bb50-83fffdd88900/300x300.jpg
Boissons et Lait,d51cddbd-8d49-4680-8f1c-4a5a6eb8b8d9,MPX_3341722,"Coca-cola Sans Sucres 1,75l",2.09,1.19,"['Nos sélections', 'Nos marques du moment', ""Promogaming Fin d'année 2024""]",Coca-Cola,True,False,false,1.0,MONTH,1.75L,[],https://courses.monoprix.fr/images-v3/0c44253f-c4a3-4340-9d37-d41e42b9d14a/2b39b8bc-0d23-4f19-b33a-f510e22019b0/300x300.jpg
Boissons et Lait,3edd0507-3dc3-471d-ad04-a75e9e88e5dc,MPX_3988994,"Coca-cola sans sucres 1,25l",1.79,1.43,"['Boissons et Lait', 'Soda et Boisson aromatisée', 'Colas']",Coca-Cola,True,False,false,1.0,MONTH,1.25L,[],https://courses.monoprix.fr/images-v3/0c44253f-c4a3-4340-9d37-d41e42b9d14a/8b12d665-6ffc-4941-99e2-224182f9d8ff/300x300.jpg
Boissons et Lait,a7b90b3f-a492-4aa6-a269-e4db625dddef,MPX_4112300,Coca-cola sans sucres canettes 12x33cl,7.69,1.94,"['Boissons et Lait', 'Soda et Boisson aromatisée', 'Colas']",Coca-Cola,True,False,false,2.0,MONTH,12 x 33cl,[],https://courses.monoprix.fr/images-v3/0c44253f-c4a3-4340-9d37-d41e42b9d14a/2145f3c4-5e5b-40c6-a367-4e8b0e5d5706/300x300.jpg
Boissons et Lait,3c95bf82-e735-4411-85f6-cf2a59e5207f,MPX_875909,Monoprix Lait Demi Ecrémé 6x1L,6.39,1.07,"['Boissons et Lait', 'Lait', 'Lait UHT demi-écrémé']",Monoprix,True,False,false,1.0,MONTH,6 x 1L,[],https://courses.monoprix.fr/images-v3/0c44253f-c4a3-4340-9d37-d41e42b9d14a/f9ff0ec5-0d0c-498e-b88c-0e01f9cbc570/300x300.jpg
Boissons et Lait,d2bc2483-ddae-4053-b6e6-eb9daf6ce804,MPX_2351521,"Monoprix eau minérale des alpes le pack de 6x1,5L",2.09,0.23,"['Boissons et Lait', 'Eau', 'Eau plate']",Monoprix,True,False,false,1.0,MONTH,6 x 1.5L,[],https://courses.monoprix.fr/images-v3/0c44253f-c4a3-4340-9d37-d41e42b9d14a/01bcf9a7-e1ee-4461-b031-2e492180c6a9/300x300.jpg
Boissons et Lait,2f8bec32-865a-4779-8ed2-f470b9f514fd,MPX_4112284,Coca-Cola Coca-Cola Sans Sucres 6x33cl,4.09,2.07,"['Nos sélections', 'Nos marques du moment', ""Promogaming Fin d'année 2024""]",Coca-Cola,True,False,false,1.0,MONTH,6 x 33cl,[],https://courses.monoprix.fr/images-v3/0c44253f-c4a3-4340-9d37-d41e42b9d14a/bff0b0e9-1995-49ae-8734-95741b7184a1/300x300.jpg
Boissons et Lait,566d5590-6b1b-4540-997f-4dfe28d3dfb4,MPX_1891155,"Source Des Pins Eau de source naturelle 6x1,5L",1.65,0.18,"['Boissons et Lait', 'Eau', 'Eau plate']",Source des Pins,True,False,false,1.0,MONTH,6 x 1.5L,[],https://courses.monoprix.fr/images-v3/0c44253f-c4a3-4340-9d37-d41e42b9d14a/5e7af6ad-6226-4d66-aa19-98cb9d5c83a5/300x300.jpg
Boissons et Lait,d1dc4ff2-50a1-453b-ba4a-b17130ea828c,MPX_3659601,Oatly Ab Lait D'Avoine 1 L,3.09,3.09,"['Régimes alimentaires', 'Végétal', 'Boisson végétale']",Oatly ab,True,False,false,2.0,MONTH,1L,[],https://courses.monoprix.fr/images-v3/0c44253f-c4a3-4340-9d37-d41e42b9d14a/21aaf276-44f7-494e-b45a-4c9f695c6fb7/300x300.jpg
Boissons et Lait,15f9a444-8c78-4637-9326-83edf4abc663,MPX_6692022,Hépar eau minérale naturelle 6x75cl,4.49,1.0,"['Boissons et Lait', 'Eau', 'Eau plate']",Hépar,True,False,false,6.0,MONTH,6 x 750ml,[],https://courses.monoprix.fr/images-v3/0c44253f-c4a3-4340-9d37-d41e42b9d14a/a1e66e1a-2db9-4fb0-8e39-024caf8ade0e/300x300.jpg
Boissons et Lait,5ac14665-1a14-47d4-8fb1-cd416e356f03,MPX_1069,Evian Eau Minérale Naturelle Plastique Recyclé 6x50cl,2.95,0.98,"['Bébé', 'Alimentation bébé', 'Eau']",Evian,True,False,false,1.0,MONTH,6 x 50cl,[],https://courses.monoprix.fr/images-v3/0c44253f-c4a3-4340-9d37-d41e42b9d14a/f4ea8ff2-4033-4859-88c8-e53eaf916978/300x300.jpg
Boissons et Lait,2d2115a6-d6b2-4c99-bf36-542e38a0f580,MPX_3754280,"Salvetat Eau Naturellement Gazeuse 6x1,15L",3.95,0.57,"['Boissons et Lait', 'Eau', 'Eau gazeuse']",Salvetat,True,False,false,1.0,MONTH,6 x 1.15L,[],https://courses.monoprix.fr/images-v3/0c44253f-c4a3-4340-9d37-d41e42b9d14a/3fa1cb6a-f71a-4bb1-9b0d-eba954899546/300x300.jpg
Boissons et Lait,b35666a7-67ab-4f66-a48d-34d072df8596,MPX_966137,Monoprix Bio lait demi-écrémé stérilisée 6x1L,7.69,1.28,"['Bio', 'Crèmerie bio', 'Lait bio']",Monoprix Bio,True,False,false,1.0,MONTH,6 x 1L,['Produit bio'],https://courses.monoprix.fr/images-v3/0c44253f-c4a3-4340-9d37-d41e42b9d14a/4b0799fc-1e54-4f38-a5d8-9aaff4d7842d/300x300.jpg
Boissons et Lait,389b7968-407c-4d55-91cc-a37082bd32a6,MPX_2383571,Badoit Eau Minérale Naturelle Finement Pétillante 6x1L,4.29,0.72,"['Boissons et Lait', 'Eau', 'Eau gazeuse']",BADOIT,True,False,false,1.0,MONTH,6 x 1L,[],https://courses.monoprix.fr/images-v3/0c44253f-c4a3-4340-9d37-d41e42b9d14a/2c64353e-08fc-44ff-9dfd-b82aa5a2ed6d/300x300.jpg
Boissons et Lait,76d89e60-3905-49bd-be67-6332a700a409,MPX_6718862,Coca-cola sans sucres slim mini frigo pack 6x20cl,3.89,3.24,"['Nos sélections', 'Nos marques du moment', ""Promogaming Fin d'année 2024""]",Coca-cola zero,True,False,false,1.0,MONTH,6 x 20cl,[],https://courses.monoprix.fr/images-v3/0c44253f-c4a3-4340-9d37-d41e42b9d14a/aea8202c-55f2-4d66-a0f8-4d293cd1bda3/300x300.jpg
Boissons et Lait,1f1982f5-31af-44c9-a5ae-e75c1e1e24ba,MPX_153632,"Pepsi Soda au cola zéro sucres 1,5L",1.49,0.99,"['Boissons et Lait', 'Soda et Boisson aromatisée', 'Colas']",Pepsi,True,False,false,1.0,MONTH,1.5L,[],https://courses.monoprix.fr/images-v3/0c44253f-c4a3-4340-9d37-d41e42b9d14a/98e31b40-15a2-420c-ba46-8665dcb1f8c3/300x300.jpg
Boissons et Lait,599e8708-2ba8-4693-9a86-a4e1a7ae0528,MPX_4337774,San Pellegrino Eau Gazeuse Aromatisée Au Jus De Citron 6x33cl,4.75,2.4,"['Boissons et Lait', 'Eau', 'Eau aromatisée gazeuse']",SAN PELLEGRINO,True,False,false,2.0,MONTH,6 x 33cl,[],https://courses.monoprix.fr/images-v3/0c44253f-c4a3-4340-9d37-d41e42b9d14a/558483dd-1018-464f-b92e-13c033f5905c/300x300.jpg
Boissons et Lait,c167e002-48aa-4f4a-8908-9577717ab8a0,MPX_1948059,Andros Jus De Citrons Pressés 1 L,3.59,3.59,"['Fruits & Légumes', 'Jus Frais & Smoothies', 'Jus de Citron']",Andros,True,False,false,2.0,WEEK,1L,[],https://courses.monoprix.fr/images-v3/0c44253f-c4a3-4340-9d37-d41e42b9d14a/14e55de5-35d9-4875-b0f7-0b9de05ef373/300x300.jpg
Boissons et Lait,e3a343a9-4908-4c71-a46e-0d457d4be79b,MPX_2278688,"Tropicana Pur Jus d'Orange avec Pulpe la Bouteille de 1,5L",3.75,2.5,"['Boissons et Lait', 'Jus et Sirop', ""Jus d'orange""]",Tropicana,True,False,false,1.0,MONTH,1.5L,[],https://courses.monoprix.fr/images-v3/0c44253f-c4a3-4340-9d37-d41e42b9d14a/981ede6d-d38b-4df0-ae99-8ecd7b9f5353/300x300.jpg
Boissons et Lait,263a84e2-3dec-453e-a780-5c5fe6e51b73,MPX_3255126,Badoit Eau Gazeuse Aromarisée Pamplemousse Citron 1 L,1.99,1.99,"['Boissons et Lait', 'Eau', 'Eau aromatisée gazeuse']",Badoit,True,False,false,1.0,MONTH,1L,[],https://courses.monoprix.fr/images-v3/0c44253f-c4a3-4340-9d37-d41e42b9d14a/a876724c-d610-4a2f-93ab-7625c29cb476/300x300.jpg
Boissons et Lait,57830c1d-ad97-4841-858c-84ca6f91ae64,MPX_152420,Monoprix Jus d'orange sanguine 100% pur jus 1L,3.19,3.19,"['Fruits & Légumes', 'Jus Frais & Smoothies', ""Jus d'Orange""]",Monoprix,True,False,false,2.0,WEEK,1L,[],https://courses.monoprix.fr/images-v3/0c44253f-c4a3-4340-9d37-d41e42b9d14a/994f9d3b-b36f-4e1d-b25b-af6abb9af307/300x300.jpg
Boissons et Lait,2b2a8d5a-0a52-4123-8fe7-154fe5a0d757,MPX_3441648,Tropicana Pur Jus Frais d'Ananas Citron Vert la Bouteille de 90cl,3.65,4.06,"['Fruits & Légumes', 'Jus Frais & Smoothies', 'Jus Multifruits']",Tropicana,True,False,false,1.0,WEEK,90cl,[],https://courses.monoprix.fr/images-v3/0c44253f-c4a3-4340-9d37-d41e42b9d14a/7d026d7b-52ce-4cd4-8a0f-80355e9db8de/300x300.jpg
Boissons et Lait,e826c0f6-9e8c-43ab-8485-b24e2d98538e,MPX_2008275,Innocent smoothie mangue et passion la bouteille de 75cl,4.19,5.59,"['Fruits & Légumes', 'Jus Frais & Smoothies', 'Smoothies']",Innocent,True,False,false,1.0,WEEK,750ml,[],https://courses.monoprix.fr/images-v3/0c44253f-c4a3-4340-9d37-d41e42b9d14a/39e659d4-4a3b-483c-9d09-9d21383d6bef/300x300.jpg
Boissons et Lait,6c0dc04b-7e17-4a66-bbcc-c4192f287e54,MPX_6716507,Lipton Pèche Ice Tea 1L,1.45,1.45,"['Boissons et Lait', 'Soda et Boisson aromatisée', 'Boisson au thé']",LIPTON,True,False,false,2.0,MONTH,1L,[],https://courses.monoprix.fr/images-v3/0c44253f-c4a3-4340-9d37-d41e42b9d14a/b97d3e6c-e879-401c-a210-316d554c8e68/300x300.jpg
Boissons et Lait,d2d361aa-44d9-4ebc-b908-fbef87ea17ed,MPX_3498535,Joker Jus D'Orange Sans Pulpe 1 L,1.99,1.99,"['Boissons et Lait', 'Jus et Sirop', ""Jus d'orange""]",Joker,True,False,false,1.0,MONTH,1L,[],https://courses.monoprix.fr/images-v3/0c44253f-c4a3-4340-9d37-d41e42b9d14a/198b9812-56c5-4708-a171-aa19b27eefff/300x300.jpg
Boissons et Lait,7038c4f2-f2ef-4f4d-9ddd-daad6d94c556,MPX_3317079,Lactel Kéfir Lait Fermenté Immunité Et Digestion 50cl,2.35,4.7,"['Bio', 'Crèmerie bio', 'Lait bio']",Lactel,True,False,false,1.0,WEEK,500ml,[],https://courses.monoprix.fr/images-v3/0c44253f-c4a3-4340-9d37-d41e42b9d14a/1800bc12-735c-4ce6-9dc4-e85fafe14dd6/300x300.jpg
Boissons et Lait,9771c8d1-88cf-44cb-8dfd-e20619ed3fda,MPX_1893865,"Quezac Eau Minérale Naturelle Gazeuse 6x1,15L",3.69,0.53,"['Boissons et Lait', 'Eau', 'Eau gazeuse']",Quezac,True,False,false,1.0,MONTH,6 x 1.15L,[],https://courses.monoprix.fr/images-v3/0c44253f-c4a3-4340-9d37-d41e42b9d14a/f8c86695-16e2-4a47-9d29-faf738df7b4f/300x300.jpg
Boissons et Lait,f0d071be-735d-464b-ad1b-795b059c6406,MPX_2650633,Alpro Boisson Végétale Lait D'Amande Grillée 1L,2.89,2.89,"['Régimes alimentaires', 'Végétal', 'Boisson végétale']",Alpro,True,False,false,2.0,MONTH,1L,[],https://courses.monoprix.fr/images-v3/0c44253f-c4a3-4340-9d37-d41e42b9d14a/58200ebe-01b7-4236-8865-57f1061fe209/300x300.jpg
Boissons et Lait,66013107-0a47-4bb6-bccf-95b2ae46d227,MPX_3952589,Candia - Candy'Up - Boisson lactée vanille - le pack de 6x 20cl,3.09,2.57,"['Boissons et Lait', 'Lait', 'Lait aromatisé']",Candy'up,True,False,false,4.0,WEEK,6 x 20cl,[],https://courses.monoprix.fr/images-v3/0c44253f-c4a3-4340-9d37-d41e42b9d14a/f5b902e9-7ecd-498e-b0c0-8d11a6bb6a0b/300x300.jpg
Boissons et Lait,b30a81d7-303d-48d5-9d91-8d8e73b13047,MPX_3070004,Schweppes Soda Indian Tonic pack de 6x33cl,4.35,2.2,"['Boissons et Lait', 'Soda et Boisson aromatisée', 'Limonade, Lime et Tonic']",Schweppes,True,False,false,1.0,MONTH,6 x 33cl,[],https://courses.monoprix.fr/images-v3/0c44253f-c4a3-4340-9d37-d41e42b9d14a/9ee9d02b-aa58-4a83-b020-354192f7ad31/300x300.jpg
Boissons et Lait,43849f5c-3f77-420f-b405-08b30a040b91,MPX_6618857,Tropicana 100% Pur Jus Réveil Fruité 90cl,3.39,3.77,"['Boissons et Lait', 'Jus et Sirop', 'Jus multifruit']",TROPICANA,True,False,false,1.0,WEEK,90cl,[],https://courses.monoprix.fr/images-v3/0c44253f-c4a3-4340-9d37-d41e42b9d14a/baedac12-9e69-4081-9d96-946efdff79d5/300x300.jpg
Boissons et Lait,2059448c-60dd-4e1f-9b4d-c3270c0afea7,MPX_1804224,Lactel lait pasteurisé Matin Léger Demi-écrémé sans lactose 1L,2.99,2.99,"['Boissons et Lait', 'Lait', 'Lait frais']",LACTEL,True,False,false,1.0,WEEK,1L,['Produit végétarien'],https://courses.monoprix.fr/images-v3/0c44253f-c4a3-4340-9d37-d41e42b9d14a/1592189f-bfaa-4979-8656-763cfff7d340/300x300.jpg
Boissons et Lait,0fd12241-8134-485d-8111-7dd04b629eb6,MPX_3823182,Marguerite - Lait Frais Entier Bio,2.55,2.55,"['Bio', 'Crèmerie bio', 'Lait bio']",Marguerite,True,False,false,6.0,DAY,1L,"['Produit végétarien', 'Produit bio']",https://courses.monoprix.fr/images-v3/0c44253f-c4a3-4340-9d37-d41e42b9d14a/e9a808f3-7a24-4467-b399-7038e2eb0b7b/300x300.jpg
Boissons et Lait,fc5347e3-7ba2-405d-8660-131ed3777136,MPX_64751,Candia - Grandlait - Lait frais demi écrémé de montagne - la bouteille de 2L,2.49,1.25,"['Boissons et Lait', 'Lait', 'Lait frais']",Grandlait,True,False,false,4.0,DAY,2L,[],https://courses.monoprix.fr/images-v3/0c44253f-c4a3-4340-9d37-d41e42b9d14a/34f1e531-caeb-403f-87a1-215ec3b6a382/300x300.jpg
Boissons et Lait,5bf106d7-f379-4232-9e13-9b2e6f3bbf9c,MPX_1262290,Candia - Grandlait - Lait demi écrémé -  le pack de 6x 25cl,5.69,3.79,"['Boissons et Lait', 'Lait', 'Lait UHT demi-écrémé']",Grandlait,True,False,false,4.0,WEEK,6 x 25cl,[],https://courses.monoprix.fr/images-v3/0c44253f-c4a3-4340-9d37-d41e42b9d14a/d033176d-3806-4cae-8cb7-21c11a5e8760/300x300.jpg
Boissons et Lait,6d06134d-a17c-402b-99a9-d07a130ebe75,MPX_6591846,Monoprix jus de pomme 100% pressé 1.5l,1.89,1.26,"['Boissons et Lait', 'Jus et Sirop', 'Jus de pomme']",Monoprix,True,False,false,2.0,MONTH,1.5L,[],https://courses.monoprix.fr/images-v3/0c44253f-c4a3-4340-9d37-d41e42b9d14a/44665ec9-b07a-4b08-8f55-a17bd867b7d7/300x300.jpg
Boissons et Lait,58be8eec-3fa6-413f-a10a-15affa5f8b41,MPX_2135103,Eau Minérale Naturelle Abatilles Finement Pétillante,5.49,0.92,"['Boissons et Lait', 'Eau', 'Eau gazeuse']",Abatilles,True,False,false,1.0,MONTH,6 x 1L,[],https://courses.monoprix.fr/images-v3/0c44253f-c4a3-4340-9d37-d41e42b9d14a/ae51c5b1-5e11-4442-81cb-0171d69ff9c2/300x300.jpg
Boissons et Lait,67ae068b-6aa1-4ed6-8fc7-9a5456c85130,MPX_6665806,Cristaline Eau De Source Gazéifiée 6x50cl,1.45,0.48,"['Boissons et Lait', 'Eau', 'Eau gazeuse']",Cristaline,True,False,false,2.0,MONTH,6 x 50cl,[],https://courses.monoprix.fr/images-v3/0c44253f-c4a3-4340-9d37-d41e42b9d14a/e2675323-ba29-4c40-9602-6b67376a867a/300x300.jpg
Boissons et Lait,c3049a6b-2dcd-45f5-9cfd-b9e4e8503fef,MPX_2753259,Monster ultra sans sucres boisson énergisante canette 50cl,2.09,4.18,"['Boissons et Lait', 'Soda et Boisson aromatisée', 'Boisson énergisante']",Monster,True,False,false,1.0,MONTH,500ml,[],https://courses.monoprix.fr/images-v3/0c44253f-c4a3-4340-9d37-d41e42b9d14a/8ddcdc6a-da40-40ff-9a79-fba3c0b54060/300x300.jpg
Boissons et Lait,74f39f16-30d8-4792-9c01-fd0e9722226d,MPX_1045406,Monoprix Gourmet Lait Frais Micro Filtré Entier 1L,2.15,2.15,"['Boissons et Lait', 'Lait', 'Lait frais']",Monoprix Gourmet,True,False,false,5.0,DAY,1L,[],https://courses.monoprix.fr/images-v3/0c44253f-c4a3-4340-9d37-d41e42b9d14a/0db3ac0b-b041-46a4-8a72-14f081f8147c/300x300.jpg
Boissons et Lait,9cf447ed-e209-4fd9-8821-c48ae70fb75f,MPX_873063,Monoprix jus d'orange 1L,1.55,1.55,"['Boissons et Lait', 'Jus et Sirop', ""Jus d'orange""]",Monoprix,True,False,false,1.0,MONTH,1L,[],https://courses.monoprix.fr/images-v3/0c44253f-c4a3-4340-9d37-d41e42b9d14a/3dea52b4-e0c6-42fa-b0fe-428ccd2f7199/300x300.jpg
Boissons et Lait,35c08c0c-ffbb-45ac-9b72-0fc637d27163,MPX_2625622,Innocent jus orange & carotte la bouteille de 900ml,3.85,4.28,"['Fruits & Légumes', 'Jus Frais & Smoothies', ""Jus d'Orange""]",Innocent,True,False,false,1.0,WEEK,90cl,[],https://courses.monoprix.fr/images-v3/0c44253f-c4a3-4340-9d37-d41e42b9d14a/044bcf35-627c-4366-97fe-51c1020ecf63/300x300.jpg
Boissons et Lait,aa8b4cd1-8138-47da-b971-efc0f67cfdad,MPX_1681410,"Monoprix Limonade zéro, arômes naturels de citron 1,5L",0.95,0.63,"['Nos sélections', 'Inspiration du moment', '& Frigo vide', 'Soft et Jus']",Monoprix,True,False,false,1.0,MONTH,1.5L,[],https://courses.monoprix.fr/images-v3/0c44253f-c4a3-4340-9d37-d41e42b9d14a/31d0894e-ae39-4387-acee-0a43b2fbd8d4/300x300.jpg
Boissons et Lait,87607443-3457-4b4e-8946-6bbeef6f7aa6,MPX_5012569,Ocean Spray Boisson Jus De Cranberry 1 L,2.19,2.19,"['Boissons et Lait', 'Jus et Sirop', 'Jus de Cranberry et Grenade']",Ocean spray,True,False,false,2.0,MONTH,1L,['Produit halal'],https://courses.monoprix.fr/images-v3/0c44253f-c4a3-4340-9d37-d41e42b9d14a/923f6dbd-c470-4ed8-9518-4a77bb2613ad/300x300.jpg
Boissons et Lait,4338f8ff-7fed-4780-845a-bf2d346600ef,MPX_873042,Monoprix Jus de pomme à base de jus concentré 6x20cl,2.45,2.04,"['Boissons et Lait', 'Jus et Sirop', 'Petit format']",Monoprix,True,False,false,1.0,MONTH,6 x 20cl,[],https://courses.monoprix.fr/images-v3/0c44253f-c4a3-4340-9d37-d41e42b9d14a/90b03a5e-ea5c-4c3d-b6d6-be5a263e48b3/300x300.jpg
Boissons et Lait,d52a5ae7-05e5-4fb6-bcf8-1b15b5d7efc0,MPX_1690304,Monoprix Bio 100% Jus d'Orange 6x20cl,3.99,3.32,"['Bio', 'Boisson et Cave bio', 'Jus bio']",Monoprix Bio,True,False,false,1.0,MONTH,6 x 20cl,['Produit bio'],https://courses.monoprix.fr/images-v3/0c44253f-c4a3-4340-9d37-d41e42b9d14a/67faf490-1486-4716-b0d4-c2179c43f79d/300x300.jpg
Boissons et Lait,9fc09174-7108-4c15-a4e4-82158107b05e,MPX_1932968,"Monoprix Bio 100 % pur jus d'orange, avec pulpe, bio 1",3.59,3.59,"['Bio', 'Boisson et Cave bio', 'Jus bio']",Monoprix Bio,True,False,false,3.0,WEEK,1L,[],https://courses.monoprix.fr/images-v3/0c44253f-c4a3-4340-9d37-d41e42b9d14a/8dff4b14-0436-47ab-aa17-b19d94dab1bd/300x300.jpg
Boissons et Lait,6793c7d7-b1ce-46d8-85df-9428c19fa5e6,MPX_3268153,Pressade Jus Multifruits Bio 6x20cl,3.49,2.91,"['Bio', 'Boisson et Cave bio', 'Jus bio']",Pressade,True,False,false,1.0,MONTH,6 x 20cl,['Produit bio'],https://courses.monoprix.fr/images-v3/0c44253f-c4a3-4340-9d37-d41e42b9d14a/2ea14573-8ab2-488a-80a4-e59e080cc678/300x300.jpg
Boissons et Lait,1feba235-8a6a-4cef-8ebc-ebc40bd9fd8c,MPX_2507070,Fever Tree eau tonic le pack de 4x20cl,5.99,7.49,"['Boissons et Lait', 'Eau', 'Eau aromatisée gazeuse']",FEVER TREE,True,False,false,2.0,WEEK,4 x 20cl,['Produit végétarien'],https://courses.monoprix.fr/images-v3/0c44253f-c4a3-4340-9d37-d41e42b9d14a/eb7f511c-5899-4ef5-951c-f4e2fe88a4bb/300x300.jpg
Boissons et Lait,2aa72e62-6fe4-42b3-86d8-26a317b29654,MPX_2532908,Club-Mate Original 50Cl,3.29,6.58,"['Boissons et Lait', 'Soda et Boisson aromatisée', 'Boisson gazeuse aux fruits']",CLUB MATE FRANCE,True,False,false,1.0,MONTH,500ml,['Produit bio'],https://courses.monoprix.fr/images-v3/0c44253f-c4a3-4340-9d37-d41e42b9d14a/707bde5c-afd1-4b18-9ad5-6de59b33bdf9/300x300.jpg
Boissons et Lait,15784d81-4d0f-4c16-96f5-680cd6f1db7d,MPX_2204989,Tropicana Pur Jus de Raisin Pressé la Bouteille de 1L,3.65,3.65,"['Boissons et Lait', 'Jus et Sirop', 'Autres Jus de fruits']",Tropicana,True,False,false,1.0,MONTH,1L,[],https://courses.monoprix.fr/images-v3/0c44253f-c4a3-4340-9d37-d41e42b9d14a/79894c29-d092-459d-9d38-90551c6f0e88/300x300.jpg
Boissons et Lait,7b8feaa9-bf0b-49f4-9055-6b022fc964a4,MPX_3180916,Bridel lait pasteurisé BIO Entier 1L,2.99,2.99,"['Bio', 'Crèmerie bio', 'Lait bio']",Bridel,True,False,false,1.0,WEEK,1L,['Produit végétarien'],https://courses.monoprix.fr/images-v3/0c44253f-c4a3-4340-9d37-d41e42b9d14a/80c7064f-bcf1-4221-9d49-d342a44c2c3e/300x300.jpg
Boissons et Lait,66327d73-32be-4b63-898b-279b4bc86381,MPX_873061,Monoprix Jus de pamplemousse à base de jus concentré 1L,1.39,1.39,"['Boissons et Lait', 'Jus et Sirop', 'Autres Jus de fruits']",Monoprix,True,False,false,1.0,MONTH,1L,[],https://courses.monoprix.fr/images-v3/0c44253f-c4a3-4340-9d37-d41e42b9d14a/f0fc684e-e7f8-42df-b252-184416a0a445/300x300.jpg
Boissons et Lait,0707386c-33b1-42ac-9120-683123a58186,MPX_2218158,Matin Leger Lait Sans Lactose Bio 6x1L,16.5,2.75,"['Bio', 'Crèmerie bio', 'Lait bio']",Matin leger,True,False,false,4.0,WEEK,6 x 1L,['Produit bio'],https://courses.monoprix.fr/images-v3/0c44253f-c4a3-4340-9d37-d41e42b9d14a/a645c0cd-66e1-4c99-8254-ec458fb440c0/300x300.jpg
Boissons et Lait,e92178e1-d29d-428d-8f4e-d9f5a63858e2,MPX_3500805,Monoprix Bio Boisson au riz coco 1L,3.15,3.15,"['Bio', 'Boisson et Cave bio', 'Boisson végétale bio']",Monoprix Bio,True,False,false,2.0,MONTH,1L,['Produit bio'],https://courses.monoprix.fr/images-v3/0c44253f-c4a3-4340-9d37-d41e42b9d14a/e23e4eb1-21ce-47c7-a94c-d495482962ef/300x300.jpg
Boissons et Lait,161e7715-4825-401f-b8a4-d18299450764,MPX_3379849,Monoprix Bio Origines Pur jus de pomme la bouteille de 75cl,3.79,5.05,"['Bio', 'Boisson et Cave bio', 'Jus bio']",Monoprix Bio Origines,True,False,false,1.0,MONTH,750ml,['Produit bio'],https://courses.monoprix.fr/images-v3/0c44253f-c4a3-4340-9d37-d41e42b9d14a/fa6d01bc-3abf-4003-bd02-89c947cea362/300x300.jpg
Boissons et Lait,a27be02b-4ef7-435d-9318-96206155c425,MPX_149371,Monoprix Bio Café Moulu Du Mexique Intense Et Fruité Bio 250G,3.99,15.96,"['Bio', 'Boisson et Cave bio', 'Café bio']",Monoprix Bio,True,False,false,2.0,MONTH,250g,"['Produit équitable', 'Produit bio']",https://courses.monoprix.fr/images-v3/0c44253f-c4a3-4340-9d37-d41e42b9d14a/2bb0e900-b467-4148-9fc4-e549eb501e68/300x300.jpg
Boissons et Lait,0353e0aa-66cb-4e70-9090-396c30de94fb,MPX_2535892,Candia - Grandlait - Lait frais demi écrémé de montagne - la bouteille de 50cl,1.29,2.58,"['Boissons et Lait', 'Lait', 'Lait frais']",Grandlait,True,False,false,6.0,DAY,500ml,[],https://courses.monoprix.fr/images-v3/0c44253f-c4a3-4340-9d37-d41e42b9d14a/ed3013d3-c024-4bb0-99cf-74782b7c5277/300x300.jpg
Boissons et Lait,1f8db388-f8a7-4584-ae11-ec1a062307ca,MPX_3268670,Fever Tree eau tonic la bouteille 50cl,3.29,6.58,"['Boissons et Lait', 'Soda et Boisson aromatisée', 'Limonade, Lime et Tonic']",Fever tree,True,False,false,1.0,MONTH,500ml,[],https://courses.monoprix.fr/images-v3/0c44253f-c4a3-4340-9d37-d41e42b9d14a/ba7e0d06-3dbf-4bdd-b52f-e53038e6f3de/300x300.jpg
Boissons et Lait,69e80d92-3909-4371-b5bc-b83cbd510d24,MPX_3575775,Monoprix Pur Jus De Pomme Pressé 1L,2.19,2.19,"['Fruits & Légumes', 'Jus Frais & Smoothies', 'Jus de Pomme']",Monoprix,True,False,false,1.0,WEEK,1L,[],https://courses.monoprix.fr/images-v3/0c44253f-c4a3-4340-9d37-d41e42b9d14a/c1943503-f741-4e95-9d6c-aaeda794dfa9/300x300.jpg
Boissons et Lait,f275aec1-354f-4879-8913-b008df16150d,MPX_1947077,Tropicana Pur Jus de Clémentine la Bouteille de 1L,3.09,3.09,"['Boissons et Lait', 'Jus et Sirop', 'Autres Jus de fruits']",Tropicana,True,False,false,1.0,MONTH,1L,[],https://courses.monoprix.fr/images-v3/0c44253f-c4a3-4340-9d37-d41e42b9d14a/d42f000e-168f-4b12-b64f-9dee0f49fcc4/300x300.jpg
Boissons et Lait,44fb3ebf-a144-431f-9fae-3ba3a3e7d9f0,MPX_5333652,Fanta Soda Orange 1 L,1.85,1.85,"['Boissons et Lait', 'Soda et Boisson aromatisée', 'Boisson gazeuse aux fruits']",Fanta,True,False,false,1.0,MONTH,1L,['Produit halal'],https://courses.monoprix.fr/images-v3/0c44253f-c4a3-4340-9d37-d41e42b9d14a/5a5f8938-f3ad-4173-a47d-3223a2ad2062/300x300.jpg
Boissons et Lait,33852a9e-8eed-4646-9063-eb0da4eebe56,MPX_1921649,"Coca-cola cherry 1,25l",2.19,1.75,"['Nos sélections', 'Nos marques du moment', ""Promogaming Fin d'année 2024""]",Coca-Cola,True,False,false,1.0,MONTH,1.25L,[],https://courses.monoprix.fr/images-v3/0c44253f-c4a3-4340-9d37-d41e42b9d14a/f1f30c3a-274f-49ab-ae0a-3713ab74611d/300x300.jpg
Boissons et Lait,eeb4a3ed-6bf6-4fa6-8c35-e92ba4351517,MPX_3058612,[Par Naturalia] Karma Kombucha Gingembre  Bio 1l,5.72,5.72,"['Naturalia', 'Boissons', 'Jus de fruits frais et Kombuchas']",Karma,True,False,false,2.0,MONTH,1L,"['Produit équitable', 'Produit bio']",https://courses.monoprix.fr/images-v3/0c44253f-c4a3-4340-9d37-d41e42b9d14a/c466f152-83f0-4490-b34c-696a099e9e28/300x300.jpg
Boissons et Lait,0a238518-8071-4414-adb7-d934517aeb6c,MPX_2060821,"Monoprix Jus d'orange avec pulpe 100% pur jus 1,75L",3.65,2.09,"['Fruits & Légumes', 'Jus Frais & Smoothies', ""Jus d'Orange""]",Monoprix,True,False,false,3.0,WEEK,1.75L,[],https://courses.monoprix.fr/images-v3/0c44253f-c4a3-4340-9d37-d41e42b9d14a/f2f337fe-a4cc-4230-8f9d-c3d4a9b887c8/300x300.jpg
Boissons et Lait,b4727273-41c1-4152-9e03-c3142a98d217,MPX_1678354,Bjorg Boisson Végétale Noisette Bio 1L,4.49,4.49,"['Bio', 'Boisson et Cave bio', 'Boisson végétale bio']",Bjorg,True,False,false,6.0,MONTH,1L,['Produit bio'],https://courses.monoprix.fr/images-v3/0c44253f-c4a3-4340-9d37-d41e42b9d14a/56d6da62-ec8a-497a-9b37-f8a7e9c3beb6/300x300.jpg
Boissons et Lait,e84ef24a-b3d2-45f1-8f3b-680206cbb196,MPX_4097185,San Pellegrino eau minérale naturelle gazeuse 6x33cl slim can,3.79,1.91,"['Boissons et Lait', 'Eau', 'Eau gazeuse']",S. PELLEGRINO,True,False,false,2.0,MONTH,6 x 33cl,[],https://courses.monoprix.fr/images-v3/0c44253f-c4a3-4340-9d37-d41e42b9d14a/45643085-7e37-4a81-9739-933ba473e1af/300x300.jpg
Boissons et Lait,d5d71b3d-5720-41ad-a4d6-b846b7535f49,MPX_6620485,Andros jus multivitaminés pomme poire 1L,3.59,3.59,"['Boissons et Lait', 'Jus et Sirop', 'Jus de pomme']",Andros,True,False,false,2.0,WEEK,1L,[],https://courses.monoprix.fr/images-v3/0c44253f-c4a3-4340-9d37-d41e42b9d14a/7be43db1-de14-4ad6-8bf1-15fce6d33f97/300x300.jpg
Boissons et Lait,7423b663-3ca2-47bc-af46-c758e402a7b8,MPX_2811196,Oasis Tropical Boisson Aux Fruits Plate La Bouteille De 1L,1.89,1.89,"['Boissons et Lait', 'Soda et Boisson aromatisée', 'Boisson plate aux fruits']",Oasis,True,False,false,1.0,MONTH,1L,[],https://courses.monoprix.fr/images-v3/0c44253f-c4a3-4340-9d37-d41e42b9d14a/e15a6140-74c0-4eaa-bf18-a3d99e7cbf6c/300x300.jpg
Boissons et Lait,e68a1b85-7f59-44d4-b148-1ba90fed03bc,MPX_2562299,Monoprix Jus de pamplemousse rose 100% fruit pressé 1L,2.79,2.79,"['Boissons et Lait', 'Jus et Sirop', 'Autres Jus de fruits']",Monoprix,True,False,false,1.0,MONTH,1L,[],https://courses.monoprix.fr/images-v3/0c44253f-c4a3-4340-9d37-d41e42b9d14a/76abc6d0-5dfc-4a54-9636-32ed38b3f1b8/300x300.jpg
Boissons et Lait,107e2070-d0c1-41c2-b54e-155b2adf8813,MPX_565525,Evian Eau Minérale Naturelle 1L,0.65,0.65,"['Boissons et Lait', 'Eau', 'Eau plate']",Evian,True,False,false,1.0,MONTH,1L,[],https://courses.monoprix.fr/images-v3/0c44253f-c4a3-4340-9d37-d41e42b9d14a/f3a6a491-356c-4555-b0f5-df3b08f73a6a/300x300.jpg
Boissons et Lait,d41dac7b-8a37-4835-9516-84d7dd61cd6b,MPX_1109016,Monoprix Gourmet Lait Frais microfiltré demi-écrémé 1L,1.99,1.99,"['Boissons et Lait', 'Lait', 'Lait frais']",Monoprix Gourmet,True,False,false,5.0,DAY,1L,[],https://courses.monoprix.fr/images-v3/0c44253f-c4a3-4340-9d37-d41e42b9d14a/08a76bc4-2d47-41a6-a7cf-68b2b03b5751/300x300.jpg
Boissons et Lait,0839ac86-fcea-4908-8ca0-f242c8c7dbf9,MPX_2701037,"Volvic Juicy boisson au jus de Fraise 1,5L",1.95,1.3,"['Boissons et Lait', 'Eau', 'Eau aromatisée plate']",Volvic,True,False,false,1.0,MONTH,1.5L,['Produit bio'],https://courses.monoprix.fr/images-v3/0c44253f-c4a3-4340-9d37-d41e42b9d14a/24dd1a7b-ae10-4c2a-9e9e-4f651e4d22e7/300x300.jpg
Boissons et Lait,8530c6e6-ab5d-418f-ab6c-149ff5c096ea,MPX_3873739,"Coca-Cola Coca Cola Zéro 6x1,25L",9.99,1.33,"['Nos sélections', 'Nos marques du moment', ""Promogaming Fin d'année 2024""]",Coca-Cola,True,False,false,1.0,MONTH,6 x 1.25L,[],https://courses.monoprix.fr/images-v3/0c44253f-c4a3-4340-9d37-d41e42b9d14a/9ecc9666-2d6f-45fa-b843-5600430b1eb4/300x300.jpg
Boissons et Lait,5f88e542-e484-43cb-b769-2ef49510a0d2,MPX_1386861,Monoprix Bio Jus de raisin rouge 100% pur jus bio 1L,3.79,3.79,"['Bio', 'Boisson et Cave bio', 'Jus bio']",Monoprix Bio,True,False,false,1.0,MONTH,1L,['Produit bio'],https://courses.monoprix.fr/images-v3/0c44253f-c4a3-4340-9d37-d41e42b9d14a/a7b5cc81-9c4d-40c1-a0de-a7dd383d5231/300x300.jpg
Boissons et Lait,4e43e595-5b1a-49c5-a386-31bd7198b2a8,MPX_3822638,Monoprix Eau De Coco Bio 1L,4.09,4.09,"['Bio', 'Boisson et Cave bio', 'Boisson végétale bio']",MONOP BIOLOGIQUE,True,False,false,6.0,MONTH,1L,['Produit bio'],https://courses.monoprix.fr/images-v3/0c44253f-c4a3-4340-9d37-d41e42b9d14a/fb73cd6a-e01e-4c31-8818-584432f7101f/300x300.jpg
Boissons et Lait,ab44de3f-1720-437f-9cee-3dba057a18ab,MPX_2382404,"Monoprix Jus multifruits 100% fruit pressé 1,5L",2.25,1.5,"['Boissons et Lait', 'Jus et Sirop', 'Jus multifruit']",Monoprix,True,False,false,1.0,MONTH,1.5L,[],https://courses.monoprix.fr/images-v3/0c44253f-c4a3-4340-9d37-d41e42b9d14a/4cef32a4-48cf-46ad-8971-ecd461aff84c/300x300.jpg
Boissons et Lait,12150866-68d7-4d31-b64d-632e304f677f,MPX_2797871,Orangina Soda Orange Sans Sucres 6x33cl,3.99,2.02,"['Boissons et Lait', 'Soda et Boisson aromatisée', 'Boisson gazeuse aux fruits']",Orangina,True,False,false,1.0,MONTH,6 x 33cl,[],https://courses.monoprix.fr/images-v3/0c44253f-c4a3-4340-9d37-d41e42b9d14a/54eb6de3-ebba-4a7b-b0d4-b987fa91642c/300x300.jpg
Boissons et Lait,45c1bf11-1774-4c85-8ba4-26f953b9124d,MPX_6603578,"Pago Soda Tonic Sans Sucres 1,5 L",2.29,1.53,"['Boissons et Lait', 'Soda et Boisson aromatisée', 'Limonade, Lime et Tonic']",Schweppes,True,False,false,2.0,MONTH,1.5L,[],https://courses.monoprix.fr/images-v3/0c44253f-c4a3-4340-9d37-d41e42b9d14a/df17b056-e135-4330-96e0-99ec9d076001/300x300.jpg
Boissons et Lait,96d2deb8-3c61-4048-b6e4-be5e9c40f33a,MPX_3510824,Innocent Jus Fa bu bleu 750ml,3.85,5.13,"['Fruits & Légumes', 'Jus Frais & Smoothies', 'Autres Jus de Fruits']",Innocent,True,False,false,2.0,WEEK,75cl,[],https://courses.monoprix.fr/images-v3/0c44253f-c4a3-4340-9d37-d41e42b9d14a/39040edc-6497-4636-8e4d-12241bb01ecf/300x300.jpg
Boissons et Lait,aeac51bb-18d3-4e47-b16f-f4170bcbae70,MPX_3255344,Monoprix Boisson Végétale Riz 1l,1.85,1.85,"['Régimes alimentaires', 'Végétal', 'Boisson végétale']",Monoprix,True,False,false,2.0,MONTH,1L,[],https://courses.monoprix.fr/images-v3/0c44253f-c4a3-4340-9d37-d41e42b9d14a/16c1c85a-7564-4a1a-b72e-6b1a0468d68c/300x300.jpg
Boissons et Lait,93d61183-7dba-4fe3-9d44-d86974573c06,MPX_2587445,"Clipper Infusion Camomille, Mélisse & Lavande Bio 20 Sachets 30G",3.29,109.67,"['Epicerie Sucrée', 'Café, Thé et Boisson chaude', 'Thé et Infusion', 'Thé parfumé']",Clipper,True,False,false,1.0,MONTH,30g,['Produit bio'],https://courses.monoprix.fr/images-v3/0c44253f-c4a3-4340-9d37-d41e42b9d14a/2f2e01eb-ac2f-4c04-bb68-2efa4d48403a/300x300.jpg
Boissons et Lait,fcb8b91c-5528-40ac-acf5-f65ec6642b20,MPX_3379854,Monoprix Bio Origines Pur jus de carotte la bouteille de 75cl,2.99,3.99,"['Bio', 'Boisson et Cave bio', 'Jus bio']",Monoprix Bio Origines,True,False,false,1.0,MONTH,750ml,['Produit bio'],https://courses.monoprix.fr/images-v3/0c44253f-c4a3-4340-9d37-d41e42b9d14a/700284c8-79d6-4d73-8159-519b9a52253c/300x300.jpg
Boissons et Lait,abec98bc-8886-4e32-96a8-d9cffb9a9c45,MPX_2187052,"Innocent Jus de pomme, 100% pur jus 900ml",3.49,3.88,"['Fruits & Légumes', 'Jus Frais & Smoothies', 'Jus de Pomme']",Innocent,True,False,false,1.0,WEEK,90cl,[],https://courses.monoprix.fr/images-v3/0c44253f-c4a3-4340-9d37-d41e42b9d14a/3a35abbd-cb36-48e1-9bb9-51ed8f366509/300x300.jpg
Boissons et Lait,9be5ba9e-7d56-449d-b45c-d0d88cd515c4,MPX_2469564,Innocent Jus D'Orange Avec Pulpe La Bouteille De 1.5L,4.29,2.86,"['Fruits & Légumes', 'Jus Frais & Smoothies', ""Jus d'Orange""]",Innocent,True,False,false,1.0,WEEK,1.5L,[],https://courses.monoprix.fr/images-v3/0c44253f-c4a3-4340-9d37-d41e42b9d14a/8c918b0e-8cb0-46c8-bdbe-35fdcdc8cce9/300x300.jpg
Boissons et Lait,9a8b8a89-0c21-42a3-be90-9ac20e0b9e0a,MPX_1260077,"Monoprix Boisson Au Thé Saveur Pêche 1,5L",1.25,0.83,"['Nos sélections', 'Inspiration du moment', '& Frigo vide', 'Soft et Jus']",Monoprix,True,False,false,1.0,MONTH,1.5L,[],https://courses.monoprix.fr/images-v3/0c44253f-c4a3-4340-9d37-d41e42b9d14a/da1ef72f-9aed-47ad-a542-3af8713ca4c8/300x300.jpg
Boissons et Lait,b41c684c-175e-499c-8d09-8ff9d85790fb,MPX_2535545,Monoprix Bio Boisson au Soja 1L,1.99,1.99,"['Bio', 'Boisson et Cave bio', 'Boisson végétale bio']",Monoprix Bio,True,False,false,2.0,MONTH,1L,['Produit bio'],https://courses.monoprix.fr/images-v3/0c44253f-c4a3-4340-9d37-d41e42b9d14a/e286a067-49ca-4f0a-a820-fffc1739092b/300x300.jpg
Boissons et Lait,f5739b47-27e9-4d09-9d60-7cf1ad4d1963,MPX_3874853,Clipper Thé Earl Grey Bio 20 sachets 40g,3.79,94.75,"['Epicerie Sucrée', 'Café, Thé et Boisson chaude', 'Café, Thé et Boisson chaude bio']",Clipper,True,False,false,1.0,MONTH,40g,"['Produit équitable', 'Produit bio']",https://courses.monoprix.fr/images-v3/0c44253f-c4a3-4340-9d37-d41e42b9d14a/ba7919e0-a244-46a8-aa0c-3901abf85b06/300x300.jpg
Boissons et Lait,a46115c8-eb81-4708-a49d-912219834033,MPX_1386786,Monoprix Bio Jus d'orange 100% pur jus sans pulpe bio 1L,3.09,3.09,"['Bio', 'Boisson et Cave bio', 'Jus bio']",Monoprix Bio,True,False,false,1.0,MONTH,1L,['Produit bio'],https://courses.monoprix.fr/images-v3/0c44253f-c4a3-4340-9d37-d41e42b9d14a/956aa597-d86e-478c-973e-6846412a6b38/300x300.jpg
Boissons et Lait,92608224-2ca9-4c6b-bd75-b59319ded977,MPX_1171476,Lactel Lait Écrémé Bio 6x1L,11.5,1.92,"['Bio', 'Crèmerie bio', 'Lait bio']",Lactel,True,False,false,4.0,WEEK,6 x 1L,['Produit bio'],https://courses.monoprix.fr/images-v3/0c44253f-c4a3-4340-9d37-d41e42b9d14a/92f21040-522d-413d-9388-ddbf20b5bb05/300x300.jpg
Boissons et Lait,c7e64d5d-7b1a-467d-965d-3045bf818e62,MPX_4091847,Monoprix Bio Pur Jus d'Orange avec Pulpe 1L,3.19,3.19,"['Bio', 'Boisson et Cave bio', 'Jus bio']",Monoprix Bio,True,False,false,2.0,MONTH,1L,['Produit bio'],https://courses.monoprix.fr/images-v3/0c44253f-c4a3-4340-9d37-d41e42b9d14a/ff866f63-5c2f-41da-a8ef-4bb578d5e356/300x300.jpg
Boissons et Lait,12b6f962-3288-4f70-8dac-ca61cb38e411,MPX_2135082,Eau Minérale Naturelle Abatilles Plate,5.59,0.93,"['Boissons et Lait', 'Eau', 'Eau plate']",Abatilles,True,False,false,1.0,MONTH,6 x 1L,[],https://courses.monoprix.fr/images-v3/0c44253f-c4a3-4340-9d37-d41e42b9d14a/d991fe0f-da4b-4e21-b757-0579d989d587/300x300.jpg
Boissons et Lait,7fce7d70-a296-4747-90aa-222ccd4b81c1,MPX_2676285,Monoprix Jus de raisin rouge à base de jus concentré 1L,1.19,1.19,"['Boissons et Lait', 'Jus et Sirop', 'Autres Jus de fruits']",Monoprix,True,False,false,1.0,MONTH,1L,[],https://courses.monoprix.fr/images-v3/0c44253f-c4a3-4340-9d37-d41e42b9d14a/0883f563-c4ec-4340-bcbf-a9845d66c5c2/300x300.jpg
Boissons et Lait,8093e7af-16dd-469a-ba91-b2d48bc237aa,MPX_2307614,"Clipper Fabulous Thé vert citron, bio 35g",3.29,94.0,"['Epicerie Sucrée', 'Café, Thé et Boisson chaude', 'Thé et Infusion', 'Thé vert']",Clipper (cupper),True,False,false,1.0,MONTH,35g,"['Produit équitable', 'Produit bio']",https://courses.monoprix.fr/images-v3/0c44253f-c4a3-4340-9d37-d41e42b9d14a/85a283db-97f2-4a14-ab9f-dca87df0922a/300x300.jpg
Boissons et Lait,42e2685a-269e-406b-9ed9-75b889d62d6a,MPX_4097988,Schweppes Ginger Beer 1L,1.99,1.99,"['Boissons et Lait', 'Soda et Boisson aromatisée', 'Limonade, Lime et Tonic']",Schweppes,True,False,false,1.0,MONTH,1L,[],https://courses.monoprix.fr/images-v3/0c44253f-c4a3-4340-9d37-d41e42b9d14a/e8f88668-67bb-4f3a-a373-81309c7579e2/300x300.jpg
Boissons et Lait,7f7712d8-cc11-46ab-a891-4eee9f17c11b,MPX_4201670,Monoprix Jus De Pomme 2L,1.89,0.95,"['Nos sélections', 'Inspiration du moment', '& Sélection gros formats', 'Boissons']",Monoprix,True,False,false,2.0,MONTH,2L,[],https://courses.monoprix.fr/images-v3/0c44253f-c4a3-4340-9d37-d41e42b9d14a/25db32dd-f9f4-4d0a-ba52-0a2b5eedb42d/300x300.jpg
Boissons et Lait,c179b57b-3bfc-44ac-9a65-6c30498dc2e9,MPX_2701040,Fever Tree Ginger Beer 4x20cl,5.99,7.49,"['Boissons et Lait', 'Soda et Boisson aromatisée', 'Boisson gazeuse aux fruits']",FEVER TREE,True,False,false,2.0,WEEK,4 x 20cl,['Produit végétarien'],https://courses.monoprix.fr/images-v3/0c44253f-c4a3-4340-9d37-d41e42b9d14a/22e41221-5b18-4ea6-a105-2bbb46234a2b/300x300.jpg
Boissons et Lait,f7bfc360-07b2-49df-b2c1-f802c183ffd2,MPX_3550595,Bjorg Boisson Coco Sans Sucres Bio 1l,3.49,3.49,"['Bio', 'Boisson et Cave bio', 'Boisson végétale bio']",Bjorg,True,False,false,1.0,MONTH,1L,[],https://courses.monoprix.fr/images-v3/0c44253f-c4a3-4340-9d37-d41e42b9d14a/e3e4dcbf-bebd-44a3-808d-e937e0798d72/300x300.jpg
Boissons et Lait,056d6577-7173-4e56-8e76-0dd7ffe19004,MPX_4757246,"Maytea Thé Glacé Framboise 1,2 L",2.59,2.16,"['Boissons et Lait', 'Soda et Boisson aromatisée', 'Boisson au thé']",Maytea,True,False,false,1.0,MONTH,1.2L,[],https://courses.monoprix.fr/images-v3/0c44253f-c4a3-4340-9d37-d41e42b9d14a/d06e1ece-81fc-4a72-a668-2795449da7c4/300x300.jpg
Boissons et Lait,9e285be2-ca55-4e48-b1c0-b5e2baf13d77,MPX_6602110,Teisseire Zéro Sirop Menthe 60cl,3.25,5.42,"['Boissons et Lait', 'Jus et Sirop', 'Sirop']",Teisseire,True,False,false,6.0,MONTH,600ml,[],https://courses.monoprix.fr/images-v3/0c44253f-c4a3-4340-9d37-d41e42b9d14a/019240c4-dc46-4c65-a084-d36841562584/300x300.jpg
Boissons et Lait,f94fd83c-b2fb-4061-a217-1913899d798f,MPX_2443401,Monster Energy Boisson énergisante en canette 50cl,1.55,3.1,"['Boissons et Lait', 'Soda et Boisson aromatisée', 'Boisson énergisante']",Monster,True,False,false,1.0,MONTH,500ml,[],https://courses.monoprix.fr/images-v3/0c44253f-c4a3-4340-9d37-d41e42b9d14a/c3f48878-5fe6-4ea4-8cad-a8a21bbd07ca/300x300.jpg
Boissons et Lait,7ccd974b-f2c7-4c06-8714-6db7f3b30bd4,MPX_2975443,Bjorg Lait D'Amande Bio 50Cl,2.85,5.7,"['Bio', 'Boisson et Cave bio', 'Boisson végétale bio']",Bjorg,True,False,false,1.0,MONTH,50cl,['Produit bio'],https://courses.monoprix.fr/images-v3/0c44253f-c4a3-4340-9d37-d41e42b9d14a/3a3eeb8a-f4b2-41d0-8b37-f249d9c89106/300x300.jpg
Boissons et Lait,25ccb796-b402-45b1-81a3-e301a561cb48,MPX_152418,Monoprix Jus de pamplemousse rose 100% pur jus 1L,3.19,3.19,"['Fruits & Légumes', 'Jus Frais & Smoothies', 'Autres Jus de Fruits']",Monoprix,True,False,false,2.0,WEEK,1L,[],https://courses.monoprix.fr/images-v3/0c44253f-c4a3-4340-9d37-d41e42b9d14a/080c463f-e9b3-4b7a-aa33-9f409dd13f42/300x300.jpg
Boissons et Lait,bcd789fb-bea9-4e65-b97f-c401d3e18360,MPX_1682610,Monoprix Jus De Tomate - 100 % Pur Jus,2.59,2.59,"['Boissons et Lait', 'Jus et Sirop', 'Jus de Tomate et Légume']",Monoprix,True,False,false,1.0,MONTH,1L,[],https://courses.monoprix.fr/images-v3/0c44253f-c4a3-4340-9d37-d41e42b9d14a/24498e70-5b93-4614-b6d6-6642dc062ecc/300x300.jpg
Boissons et Lait,668a6254-47a8-42a7-ad14-12734a35899c,MPX_1906989,Clipper Infusion Détox Bio 20 Sachets 40g,3.29,82.25,"['Epicerie Sucrée', 'Café, Thé et Boisson chaude', 'Thé et Infusion', 'Thé parfumé']",Clipper,True,False,false,1.0,MONTH,40g,[],https://courses.monoprix.fr/images-v3/0c44253f-c4a3-4340-9d37-d41e42b9d14a/5699eb4b-b123-4898-b48e-e3562f38def2/300x300.jpg
Boissons et Lait,44ec0f50-a650-40db-892b-98a5a44a3076,MPX_4112281,Coca Cola Sleek Boite 20x33cl,11.19,1.7,"['Boissons et Lait', 'Soda et Boisson aromatisée', 'Colas']",Coca-Cola,True,False,false,2.0,MONTH,20 x 33cl,['Produit halal'],https://courses.monoprix.fr/images-v3/0c44253f-c4a3-4340-9d37-d41e42b9d14a/d348b7a6-c652-4df2-b3cb-8bd6e916b8ed/300x300.jpg
Boissons et Lait,f5ce649d-861c-4dd9-b603-8f3de6bb3a1a,MPX_2048908,Badoit Zest Citron 1L,1.08,1.08,"['Boissons et Lait', 'Eau', 'Eau aromatisée gazeuse']",Badoit,True,False,false,1.0,MONTH,1L,[],https://courses.monoprix.fr/images-v3/0c44253f-c4a3-4340-9d37-d41e42b9d14a/8060774d-e38f-4b26-b7db-31b3b111f7f4/300x300.jpg
Boissons et Lait,d86e4c48-195b-40e4-88c6-aa214d75ddd0,MPX_2887993,"Jardin Bio Pur jus de citron, origine Sicile 50cl",4.49,8.98,"['Bio', 'Boisson et Cave bio', 'Jus bio']",Léa Nature Jardin Bio,True,False,false,2.0,MONTH,50cl,['Produit bio'],https://courses.monoprix.fr/images-v3/0c44253f-c4a3-4340-9d37-d41e42b9d14a/ee292ab1-d27b-456d-bc72-91fcb9276c4e/300x300.jpg
Boissons et Lait,381b3950-40dd-4e0e-befc-987e1910538b,MPX_2625312,Monoprix Bio Jus multifruits 100% pur jus bio 1L,3.09,3.09,"['Bio', 'Boisson et Cave bio', 'Jus bio']",Monoprix Bio,True,False,false,1.0,MONTH,1L,['Produit bio'],https://courses.monoprix.fr/images-v3/0c44253f-c4a3-4340-9d37-d41e42b9d14a/7692f333-ba19-47c3-a6cc-d421b930a6c0/300x300.jpg
Boissons et Lait,012e3258-7b23-47e4-8685-1732ae0c66a2,MPX_2887992,"Jardin Bio Pur jus de citron, origine Sicile 25cl",1.99,7.96,"['Bio', 'Boisson et Cave bio', 'Jus bio']",Léa Nature Jardin Bio,True,False,false,1.0,MONTH,250ml,['Produit bio'],https://courses.monoprix.fr/images-v3/0c44253f-c4a3-4340-9d37-d41e42b9d14a/91929b11-9cdc-4c61-8d59-5593cb9e0630/300x300.jpg
Boissons et Lait,7c13b1d9-73b6-497f-a6f3-0c996649a2f4,MPX_2864035,Matin Leger Lait Sans Lactose Bio 6x50cl,10.9,3.63,"['Bio', 'Crèmerie bio', 'Lait bio']",Matin leger,True,False,false,4.0,WEEK,6 x 50cl,['Produit bio'],https://courses.monoprix.fr/images-v3/0c44253f-c4a3-4340-9d37-d41e42b9d14a/fac6b917-23e0-4391-8025-b43f1914016d/300x300.jpg
Boissons et Lait,a6095141-43c6-4c35-b684-7b877e92e585,MPX_2571,Coca-cola original en bouteilles 4x50cl,4.29,2.15,"['Nos sélections', 'Nos marques du moment', ""Promogaming Fin d'année 2024""]",Coca-Cola,True,False,false,1.0,MONTH,4 x 50cl,[],https://courses.monoprix.fr/images-v3/0c44253f-c4a3-4340-9d37-d41e42b9d14a/a3240f3e-ea3c-459c-8b63-16209ab9f38f/300x300.jpg
Boissons et Lait,3e12067f-a1e8-466e-acac-12009bf05f2b,MPX_810528,Bjorg Boisson Végétale Riz Nature Bio 1L,2.75,2.75,"['Bio', 'Boisson et Cave bio', 'Boisson végétale bio']",Bjorg,True,False,false,1.0,MONTH,1L,['Produit bio'],https://courses.monoprix.fr/images-v3/0c44253f-c4a3-4340-9d37-d41e42b9d14a/b51efd69-c86f-4557-b149-d909e43e8387/300x300.jpg
Boissons et Lait,1a36d3d5-476b-431d-b9e9-48c1433a9d7f,MPX_1817834,Tropicana Pur Jus d'Orange Sans Pulpe 1L,2.65,2.65,"['Boissons et Lait', 'Jus et Sirop', ""Jus d'orange""]",Tropicana,True,False,false,1.0,MONTH,1L,[],https://courses.monoprix.fr/images-v3/0c44253f-c4a3-4340-9d37-d41e42b9d14a/93182927-8c43-439d-b403-7aa114a942ad/300x300.jpg
Boissons et Lait,f06fbfce-df04-409c-a31b-6bfd35dc0e10,MPX_193195,Contrex Eau Minérale Naturelle Riche En Minéraux 6x1L,3.19,0.53,"['Boissons et Lait', 'Eau', 'Eau plate']",Contrex,True,False,false,1.0,MONTH,6 x 1L,[],https://courses.monoprix.fr/images-v3/0c44253f-c4a3-4340-9d37-d41e42b9d14a/f5ef1d1d-0295-45de-b276-c59801ced1fa/300x300.jpg
Boissons et Lait,b4097012-858c-443a-b4d2-340ea9addab9,MPX_1682601,Monoprix Jus orange sans pulpe 100% fruit pressé 1L,1.95,1.95,"['Boissons et Lait', 'Jus et Sirop', ""Jus d'orange""]",Monoprix,True,False,false,1.0,MONTH,1L,[],https://courses.monoprix.fr/images-v3/0c44253f-c4a3-4340-9d37-d41e42b9d14a/0aeb2d53-521e-4fa6-b9b7-493fed013205/300x300.jpg
Boissons et Lait,7097bf4e-7b07-47e1-99d6-f2eed70ec0e6,MPX_3959337,Cristaline Eau de source 6x1L,1.35,0.23,"['Boissons et Lait', 'Eau', 'Eau plate']",Cristaline,True,False,false,6.0,MONTH,6 x 1L,[],https://courses.monoprix.fr/images-v3/0c44253f-c4a3-4340-9d37-d41e42b9d14a/f4fd20da-6095-442c-8baa-9cdf5ea28f89/300x300.jpg
Boissons et Lait,51a311bd-e389-44ab-9ffb-8f64ee1821fa,MPX_1817570,Andros Jus De Pomme 1 L,3.35,3.35,"['Fruits & Légumes', 'Jus Frais & Smoothies', 'Jus de Pomme']",Andros,True,False,false,2.0,WEEK,1L,[],https://courses.monoprix.fr/images-v3/0c44253f-c4a3-4340-9d37-d41e42b9d14a/3b1aa5e5-6cee-4b91-b712-8b08db663f71/300x300.jpg
Boissons et Lait,1b40073b-1752-40a8-b6ce-5244f5235cb0,MPX_1386864,Monoprix Bio Jus de pomme 100% pur jus bio 1L,2.49,2.49,"['Bio', 'Boisson et Cave bio', 'Jus bio']",Monoprix Bio,True,False,false,1.0,MONTH,1L,['Produit bio'],https://courses.monoprix.fr/images-v3/0c44253f-c4a3-4340-9d37-d41e42b9d14a/37c86d8a-512d-455d-9a0a-5e437634ce2c/300x300.jpg
Boissons et Lait,0fa44dd7-b87d-43bb-aca7-bcc3e5503dc2,MPX_11799,Candia - Candy'Up - Boisson lactée chocolat -le pack de 6x 20cl,3.45,2.87,"['Boissons et Lait', 'Lait', 'Lait aromatisé']",Candy'up,True,False,false,1.0,MONTH,6 x 20cl,[],https://courses.monoprix.fr/images-v3/0c44253f-c4a3-4340-9d37-d41e42b9d14a/1a414d27-1fe8-44ae-9a45-a7e3e7222d99/300x300.jpg
Boissons et Lait,f24666f2-c9a0-489d-92ec-57348e5424c1,MPX_2368550,Bjorg Lait d'amande sans sucres bio 1L,2.69,2.69,"['Bio', 'Boisson et Cave bio', 'Boisson végétale bio']",Bjorg,True,False,false,1.0,MONTH,1L,['Produit bio'],https://courses.monoprix.fr/images-v3/0c44253f-c4a3-4340-9d37-d41e42b9d14a/eeb3e0a3-2daa-4a18-bd1b-4746f0f6672c/300x300.jpg
Boissons et Lait,92293c9c-c81a-4e81-b4a6-143343f1bfd8,MPX_3341719,"Coca-cola original 1,75l",2.19,1.25,"['Boissons et Lait', 'Soda et Boisson aromatisée', 'Colas']",Coca-Cola,True,False,false,1.0,MONTH,1.75L,['Produit vegan'],https://courses.monoprix.fr/images-v3/0c44253f-c4a3-4340-9d37-d41e42b9d14a/343b7197-5b66-4121-ad27-efe9b3236b22/300x300.jpg
Boissons et Lait,2d53d03f-3024-4093-ad52-29890cb443ab,MPX_1625130,Monoprix Lait Demi-Ecrémé Stérilisé 6x1L,6.29,1.05,"['Boissons et Lait', 'Lait', 'Lait UHT demi-écrémé']",Monoprix,True,False,false,1.0,MONTH,6 x 1L,[],https://courses.monoprix.fr/images-v3/0c44253f-c4a3-4340-9d37-d41e42b9d14a/88e58a2b-42e5-43ec-b0fd-44f8d6d61d81/300x300.jpg
Boissons et Lait,fb56de5b-52ba-49fe-85af-fddc1c22e031,MPX_1184253,San Pellegrino Eau Minérale Naturelle Gazeuse 6x50cl,3.99,1.33,"['Boissons et Lait', 'Eau', 'Eau gazeuse']",San pellegrino,True,False,false,1.0,MONTH,6 x 50cl,[],https://courses.monoprix.fr/images-v3/0c44253f-c4a3-4340-9d37-d41e42b9d14a/cff2a53d-e0f9-476d-9729-730afe61b9fc/300x300.jpg
Boissons et Lait,1165f852-4e5d-4b6d-be67-b05dea672d43,MPX_3405415,Monoprix Eau de source 5L,0.79,0.16,"['Boissons et Lait', 'Eau', 'Eau plate']",Monoprix,True,False,false,1.0,MONTH,5L,[],https://courses.monoprix.fr/images-v3/0c44253f-c4a3-4340-9d37-d41e42b9d14a/60f9e407-2a1d-4141-9221-1ebf904b150c/300x300.jpg
Boissons et Lait,9f556f57-8126-465d-9b72-ab44924798b3,MPX_2986163,"Coca-cola sans sucres sans caféine 1,25L",1.79,1.43,"['Nos sélections', 'Nos marques du moment', ""Promogaming Fin d'année 2024""]",Coca-Cola,True,False,false,1.0,MONTH,1.25L,[],https://courses.monoprix.fr/images-v3/0c44253f-c4a3-4340-9d37-d41e42b9d14a/853fc6be-4fb3-48d5-a357-c5cc7100f0b5/300x300.jpg
Boissons et Lait,b36bacd2-9948-41bc-81c6-8ae34cf45ec9,MPX_3743049,Volvic Eau Minérale Naturelle Volcanique 6x50cl,2.69,0.9,"['Boissons et Lait', 'Eau', 'Eau plate']",Volvic,True,False,false,1.0,MONTH,6 x 50cl,[],https://courses.monoprix.fr/images-v3/0c44253f-c4a3-4340-9d37-d41e42b9d14a/0d5f4301-2b5d-49c0-86d5-1e6dc8318f13/300x300.jpg
Boissons et Lait,b59a4c0a-8df3-4c7c-b658-16ca4099441c,MPX_2410891,"Contrex Eau Minérale Naturelle Riche En Minéraux 6x1,5L",3.89,0.43,"['Boissons et Lait', 'Eau', 'Eau plate']",Contrex,True,False,false,1.0,MONTH,6 x 1.5L,[],https://courses.monoprix.fr/images-v3/0c44253f-c4a3-4340-9d37-d41e42b9d14a/621c5cd2-9309-49df-be67-577fe448528b/300x300.jpg
Boissons et Lait,97e9eb07-fc33-4499-acef-85e7b5934bfc,MPX_2439318,Perrier Eau Minérale Naturelle Gazeuse 6x1L,4.65,0.78,"['Boissons et Lait', 'Eau', 'Eau gazeuse']",PERRIER,True,False,false,1.0,MONTH,6 x 1L,[],https://courses.monoprix.fr/images-v3/0c44253f-c4a3-4340-9d37-d41e42b9d14a/a4a7907b-d63d-4f1d-bb9d-89efb28bd076/300x300.jpg
Boissons et Lait,fcdaa967-51d3-454f-9dac-a35de2f925ed,MPX_798168,Bjorg Boisson soja nature sans sucres Bio 1L,1.95,1.95,"['Bio', 'Boisson et Cave bio', 'Boisson végétale bio']",Bjorg,True,False,false,1.0,MONTH,1L,['Produit bio'],https://courses.monoprix.fr/images-v3/0c44253f-c4a3-4340-9d37-d41e42b9d14a/7f76a102-c870-422a-a42b-2d3de8d81c75/300x300.jpg
Boissons et Lait,cb8cdb78-56ac-4a36-8b91-d3f84e2ac693,MPX_1817571,Andros jus de clémentine la bouteille de 1L,3.59,3.59,"['Fruits & Légumes', 'Jus Frais & Smoothies', 'Autres Jus de Fruits']",Andros,True,False,false,4.0,WEEK,1L,[],https://courses.monoprix.fr/images-v3/0c44253f-c4a3-4340-9d37-d41e42b9d14a/f1301a7d-3719-462c-99ed-7ac7a6cac81b/300x300.jpg
Boissons et Lait,19889f5d-a8ff-4ba4-816b-80cc12602e1f,MPX_3960618,Cristaline Eau De Source 12x50cl,2.15,0.36,"['Boissons et Lait', 'Eau', 'Eau plate']",Cristaline,True,False,false,6.0,MONTH,12 x 50cl,[],https://courses.monoprix.fr/images-v3/0c44253f-c4a3-4340-9d37-d41e42b9d14a/3fa6718f-05fc-4242-a474-7300f616c04d/300x300.jpg
Boissons et Lait,84298cb0-276e-473e-bd72-807bbe8987ee,MPX_1817568,Andros Jus D'Orange 1 L,3.59,3.59,"['Fruits & Légumes', 'Jus Frais & Smoothies', ""Jus d'Orange""]",Andros,True,False,false,2.0,WEEK,1L,[],https://courses.monoprix.fr/images-v3/0c44253f-c4a3-4340-9d37-d41e42b9d14a/ee83d03c-7c70-474c-b6e1-a6b425214b5b/300x300.jpg
Boissons et Lait,ac54b488-324d-4a82-8370-20347bebaef3,MPX_65245,Candia - Grandlait - Lait frais demi écrémé de montagne - la bouteille de 1L,1.75,1.75,"['Boissons et Lait', 'Lait', 'Lait frais']",Grandlait,True,False,false,1.0,WEEK,1L,[],https://courses.monoprix.fr/images-v3/0c44253f-c4a3-4340-9d37-d41e42b9d14a/97cc2bd0-3f4b-4e5d-8a85-3f2542d39c55/300x300.jpg
Boissons et Lait,80cfe357-1438-49d5-9617-177972803f7e,MPX_2076419,Perrier Eau Minérale Naturelle Gazeuse Fines Bulles 6x1L,4.89,0.82,"['Boissons et Lait', 'Eau', 'Eau gazeuse']",Perrier,True,False,false,1.0,MONTH,6 x 1L,[],https://courses.monoprix.fr/images-v3/0c44253f-c4a3-4340-9d37-d41e42b9d14a/bfed9d89-3905-4bb5-af41-f6f45225b11b/300x300.jpg
Boissons et Lait,1bc72e67-d63f-4455-86b2-9ed465a9034a,MPX_2725167,Bjorg Boisson Avoine Bio 1L,2.95,2.95,"['Bio', 'Boisson et Cave bio', 'Boisson végétale bio']",Bjorg,True,False,false,1.0,MONTH,1L,['Produit bio'],https://courses.monoprix.fr/images-v3/0c44253f-c4a3-4340-9d37-d41e42b9d14a/f477fd1d-428b-4104-895b-4efc8d3d5565/300x300.jpg
Boissons et Lait,249d5181-f131-4bcf-997a-31f45a22c28d,MPX_1456384,"Monoprix Jus orange sans pulpe 100% fruit pressé 1,5L",2.35,1.57,"['Boissons et Lait', 'Jus et Sirop', ""Jus d'orange""]",Monoprix,True,False,false,1.0,MONTH,1.5L,[],https://courses.monoprix.fr/images-v3/0c44253f-c4a3-4340-9d37-d41e42b9d14a/9fc6e175-08a0-45ff-806f-78bd8d3592dc/300x300.jpg
Boissons et Lait,e089ea50-1d21-4dc8-a64d-a41fb230da29,MPX_2454202,Monoprix Lait Demi Ecrémé 6x50cl,4.25,1.42,"['Boissons et Lait', 'Lait', 'Lait UHT demi-écrémé']",Monoprix,True,False,false,1.0,MONTH,6 x 50cl,[],https://courses.monoprix.fr/images-v3/0c44253f-c4a3-4340-9d37-d41e42b9d14a/60e7e09e-b274-4d43-8a5d-e04b8f0fa642/300x300.jpg
Boissons et Lait,cf241c42-8682-40c2-8888-b344a460e6d9,MPX_2077539,Andros jus de ananas la bouteille de 1L,3.99,3.99,"['Fruits & Légumes', 'Jus Frais & Smoothies', 'Autres Jus de Fruits']",Andros,True,False,false,2.0,WEEK,1L,[],https://courses.monoprix.fr/images-v3/0c44253f-c4a3-4340-9d37-d41e42b9d14a/ec5689a9-efbe-4904-88c5-77fc7c3278c7/300x300.jpg
Boissons et Lait,9928bab9-674f-4829-8e1f-526b1b82b7c5,MPX_812129,Lactel Lait Demi-Écrémé Bio 6x1L,10.5,1.75,"['Bio', 'Crèmerie bio', 'Lait bio']",Lactel,True,False,false,4.0,WEEK,6 x 1L,['Produit bio'],https://courses.monoprix.fr/images-v3/0c44253f-c4a3-4340-9d37-d41e42b9d14a/c8e0db1e-1d72-4fe2-8fc9-3f696ea230a0/300x300.jpg
Boissons et Lait,219e3c42-d20f-4eb0-a063-516ed8b53cd1,MPX_1641230,"Volvic Zest Citron 1,5L",1.35,0.9,"['Boissons et Lait', 'Eau', 'Eau aromatisée plate']",Volvic,True,False,false,1.0,MONTH,1.5L,[],https://courses.monoprix.fr/images-v3/0c44253f-c4a3-4340-9d37-d41e42b9d14a/3cc9ab07-1461-472f-9b34-18008abb30c7/300x300.jpg
Boissons et Lait,5846cb3c-8311-42f6-b80e-196d5cfd1804,MPX_1817804,Tropicana Pur Jus d'Orange avec Pulpe Pressée 1L,2.65,2.65,"['Boissons et Lait', 'Jus et Sirop', ""Jus d'orange""]",Tropicana,True,False,false,1.0,MONTH,1L,[],https://courses.monoprix.fr/images-v3/0c44253f-c4a3-4340-9d37-d41e42b9d14a/2fd571bb-b0ec-4303-b14b-57eb9e0ff41d/300x300.jpg
Boissons et Lait,672a4648-6643-4842-b6a5-7460148fd450,MPX_1682628,Monoprix jus de pomme 100% fruit pressé 1L,1.69,1.69,"['Boissons et Lait', 'Jus et Sirop', 'Jus de pomme']",Monoprix,True,False,false,1.0,MONTH,1L,[],https://courses.monoprix.fr/images-v3/0c44253f-c4a3-4340-9d37-d41e42b9d14a/9a0f5f7b-635e-4fa2-b127-f4a518c7b6af/300x300.jpg
Boissons et Lait,7f23fbcb-f0d7-419b-9d6a-e204da40a97a,MPX_888283,Candia - Grandlait - Lait demi écrémé - le pack 6x 1L,7.79,1.3,"['Nos sélections', 'Inspiration du moment', '& Sélection gros formats', 'Crèmerie']",Grandlait,True,False,false,1.0,MONTH,6 x 1L,[],https://courses.monoprix.fr/images-v3/0c44253f-c4a3-4340-9d37-d41e42b9d14a/7e29cf21-10a4-46f5-bcd6-f47e16a2502b/300x300.jpg
Boissons et Lait,d43ea27a-fe1f-48c0-ab8e-7b5bf9c350c7,MPX_6614345,"Lipton - Ice Tea - Boisson au thé zero sucres saveur pêche - La bouteille de 1,25L",1.79,1.43,"['Boissons et Lait', 'Soda et Boisson aromatisée', 'Boisson au thé']",Lipton,True,False,false,2.0,MONTH,1.25L,[],https://courses.monoprix.fr/images-v3/0c44253f-c4a3-4340-9d37-d41e42b9d14a/fbe67390-4278-403d-833c-ed43f9deb921/300x300.jpg
Boissons et Lait,7fa87c6f-24a1-4d17-8c96-a3f18cbfe65d,MPX_2306059,Innocent Jus Ananas et Fruit de la Passion 900ml,3.29,3.66,"['Fruits & Légumes', 'Jus Frais & Smoothies', 'Autres Jus de Fruits']",Innocent,True,False,false,1.0,WEEK,900ml,[],https://courses.monoprix.fr/images-v3/0c44253f-c4a3-4340-9d37-d41e42b9d14a/d1c1cda3-a5f4-4252-98fe-576806bba394/300x300.jpg
Boissons et Lait,73119b12-27c8-4721-8376-6555e82471db,MPX_2443043,Monoprix Eau minérale des Alpes 6x50cl,1.99,0.66,"['Bébé', 'Alimentation bébé', 'Eau']",Monoprix,True,False,false,1.0,MONTH,6 x 50cl,[],https://courses.monoprix.fr/images-v3/0c44253f-c4a3-4340-9d37-d41e42b9d14a/ef3c1d26-9291-4e70-956c-bed97fea3e4c/300x300.jpg
Boissons et Lait,79d3c982-f98a-4313-8e33-ce4153932b36,MPX_3176418,La marque du conso lait demi-écrémé stérilisé le pack de 6x1L,7.62,1.27,"['Boissons et Lait', 'Lait', 'Lait UHT demi-écrémé']",LA MARQUE DU CONSOMMATEUR,True,False,false,1.0,MONTH,6 x 1L,[],https://courses.monoprix.fr/images-v3/0c44253f-c4a3-4340-9d37-d41e42b9d14a/7ca6cf75-e70e-4d9c-86f8-486a9da1680d/300x300.jpg
Boissons et Lait,3a6875e3-5950-4af3-a790-108ddb95221b,MPX_2383570,Badoit eau minérale naturelle fortement gazeuse 6x1L,4.29,0.72,"['Boissons et Lait', 'Eau', 'Eau gazeuse']",Badoit,True,False,false,1.0,MONTH,6 x 1L,[],https://courses.monoprix.fr/images-v3/0c44253f-c4a3-4340-9d37-d41e42b9d14a/3b489973-233b-40bf-b723-120bd770b958/300x300.jpg
Boissons et Lait,06a6c6f2-af55-4705-b1d0-514bee910c9a,MPX_2699947,Monoprix Bio Boisson à l'Avoine Sans Sucres Ajoutés 1L,2.69,2.69,"['Bio', 'Boisson et Cave bio', 'Boisson végétale bio']",Monoprix Bio,True,False,false,2.0,MONTH,1L,['Produit bio'],https://courses.monoprix.fr/images-v3/0c44253f-c4a3-4340-9d37-d41e42b9d14a/3562d637-a1ec-4e12-91ec-f7ea15ecdb98/300x300.jpg
Boissons et Lait,7c47ee6f-aea0-4d2e-be9f-ab80c8966d85,MPX_65244,Candia - Grandlait - Lait frais entier de montagne - la bouteille de 1L,1.89,1.89,"['Boissons et Lait', 'Lait', 'Lait frais']",Grandlait,True,False,false,1.0,WEEK,1L,[],https://courses.monoprix.fr/images-v3/0c44253f-c4a3-4340-9d37-d41e42b9d14a/73f3360b-9aaf-468d-b88f-48da4b03c4f7/300x300.jpg
Boissons et Lait,dc1b2678-4528-470e-847d-b273fc8fed2c,MPX_3870837,"Coca-Cola Coca Cola Classic 1,25 L",1.89,1.51,"['Boissons et Lait', 'Soda et Boisson aromatisée', 'Colas']",Coca-Cola,True,False,false,1.0,MONTH,1.25L,[],https://courses.monoprix.fr/images-v3/0c44253f-c4a3-4340-9d37-d41e42b9d14a/813430c0-17ef-4be6-b0c3-e935c245bf80/300x300.jpg
Boissons et Lait,44a80782-09fe-4f08-917a-749d31d93506,MPX_4112285,Coca-Cola Coca-Cola 6x33cl,4.45,2.25,"['Nos sélections', 'Nos marques du moment', ""Promogaming Fin d'année 2024""]",Coca-Cola,True,False,false,1.0,MONTH,6 x 33cl,[],https://courses.monoprix.fr/images-v3/0c44253f-c4a3-4340-9d37-d41e42b9d14a/345dee11-46fe-4310-abca-757fa88c044c/300x300.jpg
Boissons et Lait,e5dee055-fb21-49b5-ab51-6efec1c5f3d0,MPX_1415378,Vittel Eau Minérale Naturelle Des Vosges 6x1L,3.19,0.53,"['Boissons et Lait', 'Eau', 'Eau plate']",Vittel,True,False,false,1.0,MONTH,6 x 1L,[],https://courses.monoprix.fr/images-v3/0c44253f-c4a3-4340-9d37-d41e42b9d14a/7c8ae6dd-a73a-494f-94ff-e35556e8c010/300x300.jpg
Boissons et Lait,06867d1b-7560-4532-934d-afe2a92e2c08,MPX_3441653,Tropicana Pur Jus Frais d'Orange sans Pulpe la Bouteille de 90cl,3.09,3.43,"['Fruits & Légumes', 'Jus Frais & Smoothies', ""Jus d'Orange""]",Tropicana,True,False,false,1.0,WEEK,90cl,[],https://courses.monoprix.fr/images-v3/0c44253f-c4a3-4340-9d37-d41e42b9d14a/43043fa0-49ac-45dd-ad92-b73297665550/300x300.jpg
Boissons et Lait,475cbdaa-7986-48b0-963b-66cd461ab667,MPX_1348,Oasis Boisson aux Fruits Tropical 2l,2.59,1.3,"['Nos sélections', 'Inspiration du moment', '& Sélection gros formats', 'Boissons']",Oasis,True,False,false,1.0,MONTH,2L,[],https://courses.monoprix.fr/images-v3/0c44253f-c4a3-4340-9d37-d41e42b9d14a/14e31e72-3fda-4cca-9247-facff20efaed/300x300.jpg
Boissons et Lait,7fbc16ea-4efa-48de-bb28-caa0a6450592,MPX_4210072,Volvic Eau Minérale Naturelle Volcanique 6x1L,3.89,0.65,"['Boissons et Lait', 'Eau', 'Eau plate']",Volvic,True,False,false,6.0,MONTH,6 x 1L,[],https://courses.monoprix.fr/images-v3/0c44253f-c4a3-4340-9d37-d41e42b9d14a/f520cbba-8c1a-430b-962c-4b6680cbd5db/300x300.jpg
Boissons et Lait,3edc21ae-d259-4777-a54f-e39a8fc64398,MPX_1908679,Rozana eau minérale gazeuse le pack de 6x1L,3.89,0.65,"['Boissons et Lait', 'Eau', 'Eau gazeuse']",Rozana,True,False,false,1.0,MONTH,6 x 1L,[],https://courses.monoprix.fr/images-v3/0c44253f-c4a3-4340-9d37-d41e42b9d14a/d03024f8-2fc6-4317-9d55-a2e47c6b5465/300x300.jpg
Boissons et Lait,d36e6121-3fcb-497c-aa28-f934474428f2,MPX_3379271,"Monoprix Eau gazeuse finement pétillante Puits St Georges 4x1,25L",1.69,0.34,"['Boissons et Lait', 'Eau', 'Eau gazeuse']",Monoprix,True,False,false,1.0,MONTH,4 x 1.25L,[],https://courses.monoprix.fr/images-v3/0c44253f-c4a3-4340-9d37-d41e42b9d14a/7a348f0d-56f7-4410-9a0a-5c946ebb03f7/300x300.jpg
Boissons et Lait,8b113af9-697b-4061-bff3-3e7690d105e8,MPX_1541182,"Schweppes Zéro Indian Tonic la bouteille de 1,5 L",2.19,1.46,"['Boissons et Lait', 'Soda et Boisson aromatisée', 'Limonade, Lime et Tonic']",Schweppes,True,False,false,1.0,MONTH,1.5L,[],https://courses.monoprix.fr/images-v3/0c44253f-c4a3-4340-9d37-d41e42b9d14a/97bad55b-7e33-4bf0-a83c-925a49353ae4/300x300.jpg
Boissons et Lait,f3c2cea6-03ef-4698-a1a7-3d39548c664a,MPX_6621160,Oatly Barista Lait D'Avoine 500ml,1.89,3.78,"['Régimes alimentaires', 'Végétal', 'Boisson végétale']",Oatly,True,False,false,2.0,MONTH,500ml,[],https://courses.monoprix.fr/images-v3/0c44253f-c4a3-4340-9d37-d41e42b9d14a/dbde02d5-33c6-469c-a14e-702c1c1978ab/300x300.jpg
Boissons et Lait,44e8cbab-b2e9-4f0a-a163-2f72c3f0ed72,MPX_4112301,Coca-cola original canettes 12x33cl,8.19,2.07,"['Nos sélections', 'Inspiration du moment', '& Sélection gros formats', 'Boissons']",Coca-Cola,True,False,false,2.0,MONTH,12 x 33cl,[],https://courses.monoprix.fr/images-v3/0c44253f-c4a3-4340-9d37-d41e42b9d14a/63281ed6-72a7-4b73-81d7-7950df1469f0/300x300.jpg
Boissons et Lait,db76e309-5424-41d1-a375-2eea1a1cd868,MPX_3659600,Oatly Lait D'Avoine 1 L,2.89,2.89,"['Régimes alimentaires', 'Végétal', 'Boisson végétale']",Oatly,True,False,false,2.0,MONTH,1L,[],https://courses.monoprix.fr/images-v3/0c44253f-c4a3-4340-9d37-d41e42b9d14a/4c052104-a973-4697-8f19-d600fd7d77a7/300x300.jpg
Boissons et Lait,1ea91cdd-adcc-4285-8b45-1600bc126dc1,MPX_2306057,Innocent Jus de Pomme Pêche & Poire 900ml,3.29,3.66,"['Fruits & Légumes', 'Jus Frais & Smoothies', 'Jus Multifruits']",Innocent,True,False,false,1.0,WEEK,900ml,[],https://courses.monoprix.fr/images-v3/0c44253f-c4a3-4340-9d37-d41e42b9d14a/b6897087-50bc-484e-a0be-66f54acd1a3b/300x300.jpg
Boissons et Lait,c1253945-b5c6-41a9-93dc-7fcd2ab8dd26,MPX_3441652,Tropicana Réveil des Tropiques 900ml,3.65,4.06,"['Fruits & Légumes', 'Jus Frais & Smoothies', 'Autres Jus de Fruits']",Tropicana,True,False,false,1.0,WEEK,90cl,[],https://courses.monoprix.fr/images-v3/0c44253f-c4a3-4340-9d37-d41e42b9d14a/3c65c8fd-0ef8-4fa3-b55d-89263f77a99b/300x300.jpg
Boissons et Lait,615bbea5-8b12-475b-8774-830824e5a16c,MPX_1774182,"Pressade Nectar de Pomme Bio 1,5L",2.35,1.57,"['Bio', 'Boisson et Cave bio', 'Jus bio']",Pressade,True,False,false,1.0,MONTH,1.5L,['Produit bio'],https://courses.monoprix.fr/images-v3/0c44253f-c4a3-4340-9d37-d41e42b9d14a/3356d247-6fd3-46c3-b53c-3624dfd25464/300x300.jpg
Boissons et Lait,18deeb3b-08d6-4555-b3f5-66edc763b749,MPX_3441656,Tropicana Pur Jus Frais d'Orange Sanguinello la Bouteille de 90cl,4.69,5.21,"['Fruits & Légumes', 'Jus Frais & Smoothies', ""Jus d'Orange""]",Tropicana,True,False,false,1.0,WEEK,90cl,[],https://courses.monoprix.fr/images-v3/0c44253f-c4a3-4340-9d37-d41e42b9d14a/06dd58bf-3098-4528-a8d2-c15ff023efca/300x300.jpg
Boissons et Lait,244c7e88-732f-47e0-8d68-b55603feff8b,MPX_1817569,Andros Jus De Pamplemousse 1 L,4.45,4.45,"['Fruits & Légumes', 'Jus Frais & Smoothies', 'Autres Jus de Fruits']",Andros,True,False,false,4.0,WEEK,1L,[],https://courses.monoprix.fr/images-v3/0c44253f-c4a3-4340-9d37-d41e42b9d14a/9d9ff3bc-83f3-4bb8-823c-13f67dd3c6a2/300x300.jpg
Boissons et Lait,efaa234c-0bb4-4307-81bd-99f2c41cb4cc,MPX_798646,Bridel Lait Pasteurisé Bio Breton Demi-écrémé 1l,2.25,2.25,"['Bio', 'Crèmerie bio', 'Lait bio']",Bridel,True,False,false,1.0,WEEK,1kg,[],https://courses.monoprix.fr/images-v3/0c44253f-c4a3-4340-9d37-d41e42b9d14a/bbd5b8f9-6ced-48ba-bfa3-79fb212d2da1/300x300.jpg
Boissons et Lait,c2715e9b-f064-46a5-ae3b-4f2d227a1bb3,MPX_2519234,"Tropicana Pur Jus D'Orange Sans Pulpe 1,5L",3.49,2.33,"['Boissons et Lait', 'Jus et Sirop', ""Jus d'orange""]",Tropicana,True,False,false,1.0,MONTH,1.5L,[],https://courses.monoprix.fr/images-v3/0c44253f-c4a3-4340-9d37-d41e42b9d14a/98caed0e-f605-4cd7-856e-a965c3c47026/300x300.jpg
Boissons et Lait,042804a2-5905-43e6-be1f-ae732ed71430,MPX_3279942,Volvic Infusion Hibiscus Litchi & Passion  Bio 75cl,1.59,2.12,"['Bio', 'Boisson et Cave bio', 'Soda, Boisson aromatisée et Sirop bio']",Volvic,True,False,false,1.0,MONTH,75cl,['Produit bio'],https://courses.monoprix.fr/images-v3/0c44253f-c4a3-4340-9d37-d41e42b9d14a/fd69be9c-b7cf-427d-bd6f-9f09eb984ac9/300x300.jpg
Boissons et Lait,11ba638c-ee99-424d-b433-d126a3992a70,MPX_2187050,Innocent jus d'orange sans pulpe le pot de 900ml,2.99,3.32,"['Fruits & Légumes', 'Jus Frais & Smoothies', ""Jus d'Orange""]",Innocent,True,False,false,1.0,WEEK,90cl,[],https://courses.monoprix.fr/images-v3/0c44253f-c4a3-4340-9d37-d41e42b9d14a/3eb9b420-3d12-482a-a0fa-a849c5a29735/300x300.jpg
Boissons et Lait,2574b54a-d558-4917-bae2-85825a7f799f,MPX_2187053,Innocent jus pomme & framboise la bouteille de 900ml,3.29,3.66,"['Fruits & Légumes', 'Jus Frais & Smoothies', 'Jus de Pomme']",Innocent,True,False,false,1.0,WEEK,90cl,[],https://courses.monoprix.fr/images-v3/0c44253f-c4a3-4340-9d37-d41e42b9d14a/a32d3195-eac3-4f58-abb0-acec82a60ad8/300x300.jpg
Boissons et Lait,7e668c81-d071-44ed-bcd7-962107f188ac,MPX_3059450,Innocent Pur jus tutti frutti 900ml,3.29,3.66,"['Boissons et Lait', 'Jus et Sirop', 'Jus multifruit']",Innocent,True,False,false,2.0,WEEK,900ml,[],https://courses.monoprix.fr/images-v3/0c44253f-c4a3-4340-9d37-d41e42b9d14a/08e4e67c-409f-4a41-b0b0-35d800a2e346/300x300.jpg
Boissons et Lait,dcb08af8-36cd-4608-bb0b-ead5259d878c,MPX_6603581,"Schweppes Soda Agrumes Zéro Sucre 1,5 L",2.19,1.46,"['Boissons et Lait', 'Soda et Boisson aromatisée', 'Boisson gazeuse aux fruits']",Schweppes,True,False,false,1.0,MONTH,1.5L,[],https://courses.monoprix.fr/images-v3/0c44253f-c4a3-4340-9d37-d41e42b9d14a/ec7f7438-f84c-4766-858f-3fda1cb8c99d/300x300.jpg
Boissons et Lait,0c98bf9e-08b8-4516-ad7b-2b19874cf5c4,MPX_4123860,Bjorg avoine sans sucres bio 1L,2.85,2.85,"['Boissons et Lait', 'Boisson végétale', 'Boisson végétale ambiante']",Bjorg,True,False,false,1.0,MONTH,1L,['Produit bio'],https://courses.monoprix.fr/images-v3/0c44253f-c4a3-4340-9d37-d41e42b9d14a/4fca379a-1eb0-4070-91ac-2d110fd20838/300x300.jpg
Boissons et Lait,d68a5a24-ce8a-484e-9103-aa3a29627424,MPX_2850213,Monoprix Bio Lait Entier Stérilisé Le Pack De 6X1L,9.89,1.65,"['Bio', 'Crèmerie bio', 'Lait bio']",Monoprix Bio,True,False,false,1.0,MONTH,6 x 1L,['Produit bio'],https://courses.monoprix.fr/images-v3/0c44253f-c4a3-4340-9d37-d41e42b9d14a/9e145b3d-4e27-4964-9cc1-66e60d13c7be/300x300.jpg
Boissons et Lait,aebf4ed8-ba2d-47f0-aed5-d66ad18c9e33,MPX_64743,Candia - Grandlait - Lait frais entier de montagne - la bouteille de 2L,3.59,1.8,"['Boissons et Lait', 'Lait', 'Lait frais']",Grandlait,True,False,false,4.0,DAY,2L,[],https://courses.monoprix.fr/images-v3/0c44253f-c4a3-4340-9d37-d41e42b9d14a/690ff06e-ce3f-4604-8080-03cc73d2577c/300x300.jpg
Boissons et Lait,2dbce6e6-3886-4dc8-9444-268a8c2b4113,MPX_6718285,Coca-Cola Coca-Cola 6x20cl,3.99,3.32,"['Nos sélections', 'Nos marques du moment', ""Promogaming Fin d'année 2024""]",Coca-cola,True,False,false,2.0,MONTH,6 x 20cl,['Produit vegan'],https://courses.monoprix.fr/images-v3/0c44253f-c4a3-4340-9d37-d41e42b9d14a/1ea86c50-1740-450e-8642-4e2fc024a1a1/300x300.jpg
Boissons et Lait,dd68ec0c-fff1-4eaf-982f-9ff41ff82056,MPX_2675609,Monoprix Bio Lait Demi-Écrémé Stérilisé Uht 6X50Cl,5.35,1.78,"['Bio', 'Crèmerie bio', 'Lait bio']",Monoprix Bio,True,False,false,1.0,MONTH,6 x 50cl,['Produit bio'],https://courses.monoprix.fr/images-v3/0c44253f-c4a3-4340-9d37-d41e42b9d14a/4ee51eb4-05c5-496a-90f1-d2f5a66d8af3/300x300.jpg
Boissons et Lait,e27a4c32-07a1-4d44-8121-97460dc6d9e1,MPX_2234196,Monoprix Lait UHT entier 6x1L,7.99,1.33,"['Boissons et Lait', 'Lait', 'Lait UHT entier']",Monoprix,True,False,false,1.0,MONTH,6 x 1L,[],https://courses.monoprix.fr/images-v3/0c44253f-c4a3-4340-9d37-d41e42b9d14a/23edf555-5400-4b7e-96ee-36968f3c181f/300x300.jpg
Boissons et Lait,f6a58921-3420-498b-9649-441ccdde9dc6,MPX_5012567,Ocean Spray Cranberry Classic Sans Sucres Ajoutés 1L,2.65,2.65,"['Boissons et Lait', 'Jus et Sirop', 'Jus de Cranberry et Grenade']",Ocean spray,True,False,false,2.0,MONTH,1L,['Produit halal'],https://courses.monoprix.fr/images-v3/0c44253f-c4a3-4340-9d37-d41e42b9d14a/107a9880-ac64-4eda-9676-876aec4f27c7/300x300.jpg
Boissons et Lait,d504ae4c-231c-4f78-9708-fa8913600de4,MPX_3416699,"Volvic Essentiel Bio Concombre, Menthe & Basilic 75Cl",2.29,3.05,"['Bio', 'Boisson et Cave bio', 'Soda, Boisson aromatisée et Sirop bio']",Volvic,True,False,false,1.0,MONTH,750ml,['Produit bio'],https://courses.monoprix.fr/images-v3/0c44253f-c4a3-4340-9d37-d41e42b9d14a/68b11450-0322-42ab-8fb9-9e491e846c8c/300x300.jpg
Boissons et Lait,c186d190-5d13-49b0-bdc4-709df67070cd,MPX_3305091,Pago Jus d'orange carotte & citron 75cl,2.09,2.79,"['Boissons et Lait', 'Jus et Sirop', 'Autres Jus de fruits']",Pago,True,False,false,1.0,MONTH,75cl,['Produit vegan'],https://courses.monoprix.fr/images-v3/0c44253f-c4a3-4340-9d37-d41e42b9d14a/abacc658-3ac5-4987-a851-63214e5b761d/300x300.jpg
Boissons et Lait,c3810a1e-8fc7-4a73-805a-ab820fbfe368,MPX_1116797,Candia - Grandlait - Lait demi écrémé -le pack de 4x 50cl,4.59,2.3,"['Boissons et Lait', 'Lait', 'Lait UHT demi-écrémé']",Grandlait,True,False,false,4.0,WEEK,4 x 50cl,[],https://courses.monoprix.fr/images-v3/0c44253f-c4a3-4340-9d37-d41e42b9d14a/153416dd-410b-4957-8024-5163ee235f4a/300x300.jpg
Boissons et Lait,f9921e7b-5da9-4d2d-85bd-df8b4b592314,MPX_2222974,Lactel Lait Demi-Écrémé Bio 6x25cl,6.49,4.33,"['Bio', 'Crèmerie bio', 'Lait bio']",Lactel,True,False,false,4.0,WEEK,6 x 25cl,['Produit bio'],https://courses.monoprix.fr/images-v3/0c44253f-c4a3-4340-9d37-d41e42b9d14a/ed0f3d94-2867-4a75-a151-71ef176fd4f0/300x300.jpg
Boissons et Lait,951845c3-0275-4927-a4aa-00850ab18d7a,MPX_2638904,"Monoprix Cola Zero La Bouteille De 1,5L",0.42,0.28,"['Nos sélections', 'Inspiration du moment', '& Frigo vide', 'Soft et Jus']",Monoprix,True,False,false,1.0,MONTH,1.5L,[],https://courses.monoprix.fr/images-v3/0c44253f-c4a3-4340-9d37-d41e42b9d14a/a712fe37-eea4-4671-a0ad-cc2863c3e536/300x300.jpg
Boissons et Lait,d9e35d3d-4542-4381-b979-9cf63ee6ed54,MPX_807772,Badoit eau minérale naturelle finement gazeuse 6x50cl,3.79,1.26,"['Boissons et Lait', 'Eau', 'Eau gazeuse']",Badoit,True,False,false,1.0,MONTH,6 x 50cl,[],https://courses.monoprix.fr/images-v3/0c44253f-c4a3-4340-9d37-d41e42b9d14a/d33e211f-8408-4fd6-a84c-ea93132b9dc5/300x300.jpg
Boissons et Lait,bb8dd3b5-6505-41bc-87cb-9cb470ed1242,MPX_6719156,Maison Perrier Forever Boisson Gazeuse Aromatisée Citron Vert 1L,1.09,1.09,"['Boissons et Lait', 'Eau', 'Eau aromatisée gazeuse']",Maison perrier,True,False,false,2.0,MONTH,1L,[],https://courses.monoprix.fr/images-v3/0c44253f-c4a3-4340-9d37-d41e42b9d14a/1f5c0f10-627c-4fe8-8cec-777293bfafbb/300x300.jpg
Boissons et Lait,0c44ada2-72d4-497b-8fdd-cfabcaedd813,MPX_3510821,"Innocent Jus d'Orange Sans Pulpe 1,5L",4.29,2.86,"['Fruits & Légumes', 'Jus Frais & Smoothies', ""Jus d'Orange""]",Innocent,True,False,false,1.0,WEEK,1.5L,[],https://courses.monoprix.fr/images-v3/0c44253f-c4a3-4340-9d37-d41e42b9d14a/11e65098-e063-4ec5-952d-404fca33acf6/300x300.jpg
Boissons et Lait,de8a4255-b958-49a9-8337-b56240ad1a38,MPX_6594899,"Lipton Thé Glacé Saveur Pêche 1,25 L",1.79,1.43,"['Boissons et Lait', 'Soda et Boisson aromatisée', 'Boisson au thé']",Lipton,True,False,false,2.0,MONTH,1.25L,[],https://courses.monoprix.fr/images-v3/0c44253f-c4a3-4340-9d37-d41e42b9d14a/419c535d-b76a-4c4c-9199-bbe5960487a5/300x300.jpg
Boissons et Lait,48e65a82-e9ca-4199-8c9c-11bddbc62e61,MPX_2337686,Tropicana Jus de Pomme Pink Lady la Bouteille de 1L,2.99,2.99,"['Boissons et Lait', 'Jus et Sirop', 'Jus de pomme']",Tropicana,True,False,false,1.0,MONTH,1L,[],https://courses.monoprix.fr/images-v3/0c44253f-c4a3-4340-9d37-d41e42b9d14a/c81368a6-1264-4dc8-a948-290232fcdd81/300x300.jpg
Boissons et Lait,9af20e05-3634-4833-9d5a-e2e7a8ae2736,MPX_3441647,Tropicana Jus Frais de Pomme Pressée la Bouteille de 90cl,3.39,3.77,"['Fruits & Légumes', 'Jus Frais & Smoothies', 'Jus de Pomme']",Tropicana,True,False,false,1.0,WEEK,90cl,[],https://courses.monoprix.fr/images-v3/0c44253f-c4a3-4340-9d37-d41e42b9d14a/911c4291-64a3-4d1f-8bc0-1b6402ea5d77/300x300.jpg
Boissons et Lait,965d50fd-89b1-477d-b8b8-6277366f15f3,MPX_3232476,Pressade Nectar Pomme Bio 1 L,3.49,3.49,"['Bio', 'Boisson et Cave bio', 'Jus bio']",Pressade,True,False,false,1.0,MONTH,1L,['Produit bio'],https://courses.monoprix.fr/images-v3/0c44253f-c4a3-4340-9d37-d41e42b9d14a/027782f2-d60f-4757-819f-8c94f64e1bc7/300x300.jpg
Boissons et Lait,c9bea512-6462-4f79-a644-b27ae93c2e17,MPX_2077253,Meo Café Moulu Biologique 500G,7.49,14.98,"['Bio', 'Boisson et Cave bio', 'Café bio']",MEO,True,False,false,2.0,MONTH,500g,['Produit bio'],https://courses.monoprix.fr/images-v3/0c44253f-c4a3-4340-9d37-d41e42b9d14a/8bffaccc-f895-416f-bd36-702c2c834924/300x300.jpg
Boissons et Lait,82d65c48-f76f-448b-a7e7-9d20ca08b96b,MPX_2786753,"Orangina Soda À L'Orange Sans Sucres 1,5 L",1.89,1.26,"['Boissons et Lait', 'Soda et Boisson aromatisée', 'Boisson gazeuse aux fruits']",Orangina,True,False,false,1.0,MONTH,1.5L,[],https://courses.monoprix.fr/images-v3/0c44253f-c4a3-4340-9d37-d41e42b9d14a/2e40c454-60dc-4355-96d7-fc6eb0347f21/300x300.jpg
Boissons et Lait,88d1be49-efd4-44f6-9eb4-6a22cc63bd33,MPX_1540077,Lactel Lait Vitaminé Demi-Écrémé 6x1L,8.49,1.42,"['Boissons et Lait', 'Lait', 'Lait UHT demi-écrémé']",Lactel,True,False,false,4.0,WEEK,6 x 1L,[],https://courses.monoprix.fr/images-v3/0c44253f-c4a3-4340-9d37-d41e42b9d14a/5f1f9889-5e9a-4c52-97c2-81a637d1dca6/300x300.jpg
Boissons et Lait,d9902ed3-4ca6-47f7-84f6-d376d3411930,MPX_4029050,"La Salvetat Eau Minérale Pétillante au Citron de Méditerranée Sans Sucres 1,15L",0.95,0.83,"['Boissons et Lait', 'Eau', 'Eau aromatisée gazeuse']",Salvetat,True,False,false,2.0,MONTH,1.15L,[],https://courses.monoprix.fr/images-v3/0c44253f-c4a3-4340-9d37-d41e42b9d14a/b1a24d84-ffe3-4e25-b190-b771eb484291/300x300.jpg
Boissons et Lait,609619be-9fb0-4605-a71e-d5b0c0492cba,MPX_2975470,Alpro Boisson Végétale Lait D'amande Grillée Sans Sucres 1l,2.99,2.99,"['Régimes alimentaires', 'Végétal', 'Boisson végétale']",Alpro,True,False,false,2.0,MONTH,1L,[],https://courses.monoprix.fr/images-v3/0c44253f-c4a3-4340-9d37-d41e42b9d14a/eababcf2-6f87-4c3b-9573-93726f620a76/300x300.jpg
Boissons et Lait,eb7c6a65-8e7f-427a-850c-77e72a93fb03,MPX_873060,Monoprix Jus de pomme à base de jus concentré 1L,1.35,1.35,"['Boissons et Lait', 'Jus et Sirop', 'Jus de pomme']",Monoprix,True,False,false,1.0,MONTH,1L,[],https://courses.monoprix.fr/images-v3/0c44253f-c4a3-4340-9d37-d41e42b9d14a/8ca74467-23bc-4259-9c9e-2209ff8b99b7/300x300.jpg
Boissons et Lait,ab1ad2ec-6025-4c1e-a0c2-f1eeb38f9a0f,MPX_11806,Candia - Viva - Lait Vitaminé -  le pack de 6x 1L,8.09,1.35,"['Boissons et Lait', 'Lait', 'Lait UHT demi-écrémé']",VIVA,True,False,false,2.0,WEEK,6 x 1L,[],https://courses.monoprix.fr/images-v3/0c44253f-c4a3-4340-9d37-d41e42b9d14a/1e1237a4-4607-4960-9856-8e5c9afd66c7/300x300.jpg
Boissons et Lait,42902447-e779-45c5-b2ff-0db5f2b2aed4,MPX_2029,"Orangina Soda à l’Orange 1,5 L",1.99,1.33,"['Boissons et Lait', 'Soda et Boisson aromatisée', 'Boisson gazeuse aux fruits']",Orangina,True,False,false,1.0,MONTH,1.5L,[],https://courses.monoprix.fr/images-v3/0c44253f-c4a3-4340-9d37-d41e42b9d14a/4a560b82-36bb-40f0-8cde-612ae88990c1/300x300.jpg
Boissons et Lait,ca130517-cf69-45fe-9151-40380e56753c,MPX_3291995,Meo Café Pur Arabica en Grains Biologique 500g,7.99,15.98,"['Bio', 'Boisson et Cave bio', 'Café bio']",MEO,True,False,false,6.0,MONTH,500g,['Produit bio'],https://courses.monoprix.fr/images-v3/0c44253f-c4a3-4340-9d37-d41e42b9d14a/64e57a12-4e5e-4528-9697-997fd6d675de/300x300.jpg
Boissons et Lait,5b3108aa-add4-4c36-97dd-b64ede8d5589,MPX_3741720,Coca-cola sans sucres bouteilles en verre 6x25cl,6.15,4.1,"['Boissons et Lait', 'Soda et Boisson aromatisée', 'Colas']",Coca-Cola,True,False,false,1.0,MONTH,6 x 250ml,[],https://courses.monoprix.fr/images-v3/0c44253f-c4a3-4340-9d37-d41e42b9d14a/20cc10f8-0181-48a4-8dfe-15f9de51124e/300x300.jpg
Boissons et Lait,6bf14d9d-6cb9-4df5-a7da-b1adcbd6e8b0,MPX_12982,Bjorg Lait Soja Doucieur Bio 1L,1.95,1.95,"['Bio', 'Boisson et Cave bio', 'Boisson végétale bio']",Bjorg,True,False,false,1.0,MONTH,1L,[],https://courses.monoprix.fr/images-v3/0c44253f-c4a3-4340-9d37-d41e42b9d14a/f8fb27f8-1dfc-4aca-8150-94c8dfae69f7/300x300.jpg
Boissons et Lait,f488e95d-9a24-4d79-9121-86332dd6ccf8,MPX_2021592,Tropicana Pur Jus de Pamplemousse Rose la Bouteille de 1L,2.99,2.99,"['Boissons et Lait', 'Jus et Sirop', 'Autres Jus de fruits']",TROPICANA,True,False,false,1.0,MONTH,1L,[],https://courses.monoprix.fr/images-v3/0c44253f-c4a3-4340-9d37-d41e42b9d14a/3e89dc8d-09d5-43d0-b80c-75f1bbab09df/300x300.jpg
Boissons et Lait,ab2b8ddd-014f-4030-bdce-93f59448e540,MPX_2396804,Clipper Infusion Citron & Gingembre Bio 50g,3.69,73.8,"['Epicerie Sucrée', 'Café, Thé et Boisson chaude', 'Thé et Infusion', 'Infusion aromatisée']",Clipper,True,False,false,1.0,MONTH,50g,['Produit bio'],https://courses.monoprix.fr/images-v3/0c44253f-c4a3-4340-9d37-d41e42b9d14a/beeb0778-84c3-4593-ad22-148aeaf0d25c/300x300.jpg
Boissons et Lait,d9147282-5fbb-48e1-94b0-ba935faf12b4,MPX_1817572,"Andros 100% pur jus d'oranges pressées 1,5L",4.79,3.19,"['Fruits & Légumes', 'Jus Frais & Smoothies', ""Jus d'Orange""]",ANDROS,True,False,false,2.0,WEEK,1.5L,[],https://courses.monoprix.fr/images-v3/0c44253f-c4a3-4340-9d37-d41e42b9d14a/1da1e01f-0435-4713-b73a-12777e3b27ed/300x300.jpg
Boissons et Lait,76948de2-448f-469a-a148-5655214a5cc3,MPX_899067,Lactel Lait Entier Bio 6x1L,13.5,2.25,"['Bio', 'Crèmerie bio', 'Lait bio']",Lactel,True,False,false,4.0,WEEK,6 x 1L,['Produit bio'],https://courses.monoprix.fr/images-v3/0c44253f-c4a3-4340-9d37-d41e42b9d14a/16245fb9-19d7-4646-97e1-cc355b916998/300x300.jpg
Boissons et Lait,2268cfb1-3124-413c-85fa-00e2199d60e1,MPX_2234192,Monoprix Lait UHT écrémé 6x1L,6.99,1.17,"['Boissons et Lait', 'Lait', 'Lait UHT écrémé']",Monoprix,True,False,false,1.0,MONTH,6 x 1L,[],https://courses.monoprix.fr/images-v3/0c44253f-c4a3-4340-9d37-d41e42b9d14a/beffda5e-5331-41c6-aca1-9d12f7072fa8/300x300.jpg
Boissons et Lait,6d90272c-45c0-476c-9e91-8de6dfa3f94a,MPX_6563704,Source des Pins - Eau naturelle plate 6x50 cl,1.59,0.53,"['Boissons et Lait', 'Eau', 'Eau plate']",Source des Pins,True,False,false,6.0,MONTH,6 x 50cl,[],https://courses.monoprix.fr/images-v3/0c44253f-c4a3-4340-9d37-d41e42b9d14a/ff764e34-5827-4047-b5c7-9a50eb3dd2e3/300x300.jpg
Boissons et Lait,e4edb5ff-dbf7-42bf-b933-89f27a5a6b84,MPX_3871478,Lactel Bio demi écrémé brique 6x1 L,8.29,1.38,"['Bio', 'Crèmerie bio', 'Lait bio']",LACTEL,True,False,false,4.0,WEEK,6 x 1L,"['Produit végétarien', 'Produit bio']",https://courses.monoprix.fr/images-v3/0c44253f-c4a3-4340-9d37-d41e42b9d14a/3e04731b-958c-4531-b0e7-ff954db9bd92/300x300.jpg
Boissons et Lait,099b0ab3-f5de-4f75-9c7b-5194d6ee7469,MPX_174009,Cristaline Eau De Source 5 L,0.99,0.2,"['Boissons et Lait', 'Eau', 'Eau plate']",Cristaline,True,False,false,6.0,MONTH,5L,[],https://courses.monoprix.fr/images-v3/0c44253f-c4a3-4340-9d37-d41e42b9d14a/d1da4d47-664e-4528-8df4-fdd7e2b498c4/300x300.jpg
Boissons et Lait,8554567d-4d4f-42af-bcbe-7d1b454f290d,MPX_5216917,"Vichy Eau Minérale Naturelle Gazeuse 6x1,15L",5.39,0.78,"['Boissons et Lait', 'Eau', 'Eau gazeuse']",Vichy,True,False,false,2.0,MONTH,6 x 1.15L,[],https://courses.monoprix.fr/images-v3/0c44253f-c4a3-4340-9d37-d41e42b9d14a/98fc7648-32c4-4c3f-9e62-5c2e41d0fcce/300x300.jpg
Boissons et Lait,2e487784-2ef6-421f-b588-3db31d734a23,MPX_3441654,Tropicana Pur Jus Frais d'Orange Avec Pulpe la Bouteille de 90cl,3.09,3.43,"['Fruits & Légumes', 'Jus Frais & Smoothies', ""Jus d'Orange""]",TROPICANA,True,False,false,1.0,WEEK,90cl,['Produit végétarien'],https://courses.monoprix.fr/images-v3/0c44253f-c4a3-4340-9d37-d41e42b9d14a/02c65e0b-ac6e-4e2c-9a17-50d6a219054e/300x300.jpg
Boissons et Lait,b7517550-57a8-44d7-86db-07f8646f9d4f,MPX_3928928,Lactel lait pasteurisé Demi-écrémé 1L,1.49,1.49,"['Boissons et Lait', 'Lait', 'Lait UHT demi-écrémé']",LACTEL,True,False,false,1.0,WEEK,1L,['Produit végétarien'],https://courses.monoprix.fr/images-v3/0c44253f-c4a3-4340-9d37-d41e42b9d14a/222564e7-ad0e-49a9-8263-7aad84158439/300x300.jpg
Boissons et Lait,25b7b73f-8339-4213-8733-f3b72ee52d58,MPX_3255342,Monoprix Boisson Végétale Amande 1L,1.85,1.85,"['Régimes alimentaires', 'Végétal', 'Boisson végétale']",Monoprix,True,False,false,2.0,MONTH,1L,[],https://courses.monoprix.fr/images-v3/0c44253f-c4a3-4340-9d37-d41e42b9d14a/7aa84b83-d441-45ac-81fd-c9b37e0bb835/300x300.jpg
Boissons et Lait,92cc056e-9297-4d47-b2bf-9870af0b62f8,MPX_6719155,Maison perrier Forever Boisson Pétillante Saveur Citron 1L,1.09,1.09,"['Boissons et Lait', 'Eau', 'Eau aromatisée gazeuse']",Maison perrier,True,False,false,2.0,MONTH,1L,[],https://courses.monoprix.fr/images-v3/0c44253f-c4a3-4340-9d37-d41e42b9d14a/ad7faeb5-93d3-4524-8aa7-dfe7e9b92323/300x300.jpg
Boissons et Lait,db754f11-e3fb-49c2-a760-115cf78ab367,MPX_1862365,Tropicana Jus Multivitamines la Bouteille de 1L,2.99,2.99,"['Boissons et Lait', 'Jus et Sirop', 'Jus multifruit']",Tropicana,True,False,false,1.0,MONTH,1L,[],https://courses.monoprix.fr/images-v3/0c44253f-c4a3-4340-9d37-d41e42b9d14a/7e07b3d3-29e4-4d4f-addf-a09a7d629948/300x300.jpg
Boissons et Lait,0bf1f89d-fb48-4e9a-ae3f-a0307814cb8d,MPX_2410122,Monoprix Jus d'orange avec pulpe 100% fruit pressé 1L,2.15,2.15,"['Boissons et Lait', 'Jus et Sirop', ""Jus d'orange""]",Monoprix,True,False,false,1.0,MONTH,1L,[],https://courses.monoprix.fr/images-v3/0c44253f-c4a3-4340-9d37-d41e42b9d14a/af33044f-38fa-4cfe-9f47-cb42758a34f6/300x300.jpg
Boissons et Lait,339e8614-e881-423a-a2a1-0c3ea42e6083,MPX_1774183,"Pressade Nectar de Fruits À Base de Concentrés & Purées de Fruits Bio 1,5L",2.55,1.7,"['Bio', 'Boisson et Cave bio', 'Jus bio']",Pressade,True,False,false,1.0,MONTH,1.5L,['Produit bio'],https://courses.monoprix.fr/images-v3/0c44253f-c4a3-4340-9d37-d41e42b9d14a/448f5168-0c6c-48ed-a605-44fec67b856d/300x300.jpg
Boissons et Lait,3cfe1f72-7f87-4afb-a5c6-7868f5b5312c,MPX_3441651,Tropicana Jus Frais Multivitamines la Bouteille de 90cl,3.65,4.06,"['Fruits & Légumes', 'Jus Frais & Smoothies', 'Jus Multifruits']",Tropicana,True,False,false,1.0,WEEK,90cl,[],https://courses.monoprix.fr/images-v3/0c44253f-c4a3-4340-9d37-d41e42b9d14a/ccca3911-b367-4322-90d8-bd6faa2baf3d/300x300.jpg
Boissons et Lait,1adcb7a7-870e-467b-b681-274118d6ace6,MPX_2650635,Alpro Boisson Végétale Soja 1l,2.25,2.25,"['Régimes alimentaires', 'Végétal', 'Boisson végétale']",Alpro,True,False,false,2.0,MONTH,1L,[],https://courses.monoprix.fr/images-v3/0c44253f-c4a3-4340-9d37-d41e42b9d14a/7ec81cee-4c28-414a-a896-84521ed431f0/300x300.jpg
Boissons et Lait,19991105-5efb-4f9c-86c2-7bb53fd3977d,MPX_1525248,Evian Eau Minérale Naturelle  12x33cl,3.99,1.01,"['Boissons et Lait', 'Eau', 'Eau plate']",Evian,True,False,false,1.0,MONTH,12 x 33cl,[],https://courses.monoprix.fr/images-v3/0c44253f-c4a3-4340-9d37-d41e42b9d14a/3e2f47aa-de66-4b73-b631-1fa8ee8601ae/300x300.jpg
Boissons et Lait,f1585dc3-7199-4920-a5f9-2163aaafd435,MPX_6614681,"Lipton Thé Glacé Saveur Pêche 1,75 L",2.39,1.37,"['Boissons et Lait', 'Soda et Boisson aromatisée', 'Boisson au thé']",Lipton,True,False,false,2.0,MONTH,1.75L,[],https://courses.monoprix.fr/images-v3/0c44253f-c4a3-4340-9d37-d41e42b9d14a/a22b66d8-8876-4eb3-ad49-8b0019a7b2bc/300x300.jpg
Boissons et Lait,6e10201b-76bc-4b5c-aaa0-2b929ec88a41,MPX_1788347,"Lorina Limonade Artisanale 1,25 L",2.99,2.39,"['Boissons et Lait', 'Soda et Boisson aromatisée', 'Limonade, Lime et Tonic']",Lorina,True,False,false,1.0,MONTH,1.25L,[],https://courses.monoprix.fr/images-v3/0c44253f-c4a3-4340-9d37-d41e42b9d14a/78c3d641-544f-4ff0-88e9-e2276ead2199/300x300.jpg
Boissons et Lait,377e834b-c084-4969-81ea-776c30dbb5b2,MPX_1488784,Coca-cola sans sucres en Bouteilles 4x50cl,4.09,2.05,"['Nos sélections', 'Nos marques du moment', ""Promogaming Fin d'année 2024""]",Coca-Cola,True,False,false,1.0,MONTH,4 x 50cl,[],https://courses.monoprix.fr/images-v3/0c44253f-c4a3-4340-9d37-d41e42b9d14a/6ebf0271-1a3a-4b4b-a704-46a0ccb98bb7/300x300.jpg
Boissons et Lait,92385e27-451d-49e9-aa17-5e3d90a1c05f,MPX_800629,Bjorg Lait d'Amande Intense Bio 1L,3.95,3.95,"['Bio', 'Boisson et Cave bio', 'Boisson végétale bio']",Bjorg,True,False,false,1.0,MONTH,1L,['Produit bio'],https://courses.monoprix.fr/images-v3/0c44253f-c4a3-4340-9d37-d41e42b9d14a/3c18395d-617b-4d7c-aa53-875923dadfe8/300x300.jpg
Boissons et Lait,5fe3eafa-2e63-4fc8-a4aa-65e1831ddbc8,MPX_2335260,Schweppes Zéro Agrumes Boisson Gazeuse Pack De 6X33 Cl Canettes,4.15,2.1,"['Boissons et Lait', 'Soda et Boisson aromatisée', 'Boisson gazeuse aux fruits']",Schweppes,True,False,false,1.0,MONTH,6 x 33cl,[],https://courses.monoprix.fr/images-v3/0c44253f-c4a3-4340-9d37-d41e42b9d14a/50f770bc-a280-46c1-9d74-5ba6aef21488/300x300.jpg
Boissons et Lait,675f872e-f470-45f2-8696-1c6846cfef72,MPX_3045533,Innocent jus myrtille cassis pomme cranberry la bouteille de 90cl,3.29,3.66,"['Fruits & Légumes', 'Jus Frais & Smoothies', 'Jus de Cranberry et de Grenade']",Innocent,True,False,false,1.0,WEEK,900ml,[],https://courses.monoprix.fr/images-v3/0c44253f-c4a3-4340-9d37-d41e42b9d14a/25be3780-3de0-4258-8def-99063bbd4e17/300x300.jpg
Boissons et Lait,8013047f-1c7d-4804-9c72-c577b74fb97d,MPX_3741719,Coca-cola original bouteilles en verre 6x25cl,6.65,4.43,"['Nos sélections', 'Nos marques du moment', ""Promogaming Fin d'année 2024""]",Coca-Cola,True,False,false,1.0,MONTH,6 x 25cl,[],https://courses.monoprix.fr/images-v3/0c44253f-c4a3-4340-9d37-d41e42b9d14a/7d63623b-0f1f-409c-89d5-435c5b3c4025/300x300.jpg
Boissons et Lait,91602cfe-c7c4-49e5-94a9-0ccdfef81493,MPX_1695,Pulco Citron boisson à diluer 70 cl,2.99,4.27,"['Boissons et Lait', 'Jus et Sirop', 'Jus de citron']",Pulco,True,False,false,2.0,MONTH,70cl,[],https://courses.monoprix.fr/images-v3/0c44253f-c4a3-4340-9d37-d41e42b9d14a/f05e4bd2-eeae-4467-b8b9-7b2bcaa4b74f/300x300.jpg
Boissons et Lait,75463340-5002-4f7d-9420-446114c85ba4,MPX_5227048,Corona Extra Bière 0% D’Alcool 6X33Cl,8.89,26.94,"['Bière, Cave et Spiritueux', 'Bières et Cidres', 'Bières sans Alcool et Panachés']",Corona,True,False,false,2.0,MONTH,330ml,[],https://courses.monoprix.fr/images-v3/0c44253f-c4a3-4340-9d37-d41e42b9d14a/63100ffb-e64a-46c2-9277-d30331f46d2c/300x300.jpg
Boissons et Lait,6384fc58-eacc-4ab0-9b53-dec92d3dee8f,MPX_6602114,Teisseire Sirop de Grenadine 60cl,3.29,5.48,"['Boissons et Lait', 'Jus et Sirop', 'Sirop']",Teisseire,True,False,false,6.0,MONTH,600ml,[],https://courses.monoprix.fr/images-v3/0c44253f-c4a3-4340-9d37-d41e42b9d14a/3d5154ca-3dbf-489a-b66d-cd5fd08a4355/300x300.jpg
Boissons et Lait,9ad42999-6c68-4ff3-bc25-352648c2b6e4,MPX_1525538,Pepsi Soda zéro sucres au cola en canettes 6x33cl,3.99,2.02,"['Boissons et Lait', 'Soda et Boisson aromatisée', 'Colas']",Pepsi zero,True,False,false,1.0,MONTH,6 x 33cl,[],https://courses.monoprix.fr/images-v3/0c44253f-c4a3-4340-9d37-d41e42b9d14a/f5552a66-5302-40bb-8b7a-95f45bd99990/300x300.jpg
Boissons et Lait,3f1f0c79-0040-4743-a891-eab9e568966f,MPX_798642,Bridel lait pasteurisé entier 1L,2.09,2.09,"['Boissons et Lait', 'Lait', 'Lait frais']",Bridel,True,False,false,1.0,WEEK,1L,['Produit végétarien'],https://courses.monoprix.fr/images-v3/0c44253f-c4a3-4340-9d37-d41e42b9d14a/07b864fa-1958-4ef0-bb6b-f796e4ac2310/300x300.jpg
Boissons et Lait,6e369b95-6f5e-4f73-8303-acb79a16ec79,MPX_12950,Lipton - Ice Tea - Boisson au thé saveur pêche - Les 6 canettes de 6x33cl,4.09,2.07,"['Boissons et Lait', 'Soda et Boisson aromatisée', 'Boisson au thé']",Lipton,True,False,false,1.0,MONTH,6 x 33cl,[],https://courses.monoprix.fr/images-v3/0c44253f-c4a3-4340-9d37-d41e42b9d14a/da96746f-a35a-4779-9cbf-dc303e243dce/300x300.jpg
Boissons et Lait,fde14cd7-a07b-41c6-b77e-c793ccdcd30c,MPX_863,Vittel Eau Minérale Naturelle Des Vosges 6x50cl,2.75,0.92,"['Boissons et Lait', 'Eau', 'Eau plate']",Vittel,True,False,false,1.0,MONTH,6 x 50cl,[],https://courses.monoprix.fr/images-v3/0c44253f-c4a3-4340-9d37-d41e42b9d14a/7820c9e6-7d51-4c1c-bb8d-ff6291687b3d/300x300.jpg
Boissons et Lait,8c0e4927-9a5e-4983-a49d-9cf0d572d910,MPX_4757245,"May Tea Thé Noir Saveur Pêche Blanche 1,2L",2.59,2.16,"['Boissons et Lait', 'Soda et Boisson aromatisée', 'Boisson au thé']",Maytea,True,False,false,1.0,MONTH,1.2L,[],https://courses.monoprix.fr/images-v3/0c44253f-c4a3-4340-9d37-d41e42b9d14a/e0027569-2353-4aa7-bb3f-b0dc79e54962/300x300.jpg
Boissons et Lait,88e7c7a3-da50-4394-8c5c-ae02002442bd,MPX_2368549,Bjorg Lait d'Amande Bio 1L,3.59,3.59,"['Bio', 'Boisson et Cave bio', 'Boisson végétale bio']",Bjorg,True,False,false,1.0,MONTH,1L,['Produit bio'],https://courses.monoprix.fr/images-v3/0c44253f-c4a3-4340-9d37-d41e42b9d14a/9d6be5b9-bf00-449e-8063-0ae564cdae60/300x300.jpg
Boissons et Lait,8d8e5615-318d-416f-b9ae-6ba2786ff1de,MPX_1035498,Powerade Ice Storm boisson sport 50cl,1.39,2.78,"['Nos sélections', 'Inspiration du moment', '& Kit du sportif', 'Boisson']",Powerade,True,False,false,1.0,MONTH,50cl,[],https://courses.monoprix.fr/images-v3/0c44253f-c4a3-4340-9d37-d41e42b9d14a/ed639655-b965-4a7e-bc9b-ff2cb141a9b0/300x300.jpg
Boissons et Lait,e5e61ef5-06db-439e-b845-9c5ac99fe284,MPX_1690307,Monoprix Bio 100% Jus de Pomme 6x20cl,4.25,3.54,"['Bio', 'Boisson et Cave bio', 'Jus bio']",Monoprix Bio,True,False,false,1.0,MONTH,6 x 20cl,[],https://courses.monoprix.fr/images-v3/0c44253f-c4a3-4340-9d37-d41e42b9d14a/f8d6cb97-043b-48ac-bac1-773aee120107/300x300.jpg
Boissons et Lait,2e1873ab-f255-4a39-bfe5-f389bffbeba7,MPX_2413440,Monoprix Lait demi-écrémé stérilisé UHT 6x25cl,3.39,2.26,"['Boissons et Lait', 'Lait', 'Lait UHT demi-écrémé']",Monoprix,True,False,false,2.0,MONTH,6 x 25cl,[],https://courses.monoprix.fr/images-v3/0c44253f-c4a3-4340-9d37-d41e42b9d14a/29fc5811-d21a-46e3-8e35-dccc42e07e20/300x300.jpg
Boissons et Lait,12555619-0a70-449f-84ff-0b5209848181,MPX_4097562,"Yumi Shot Coup De Foudre Bio Pomme, Gingembre Et Citron 60ml",2.59,43.17,"['Fruits & Légumes', 'Jus Frais & Smoothies', 'Jus Bio']",Yumi,True,False,false,1.0,WEEK,60ml,[],https://courses.monoprix.fr/images-v3/0c44253f-c4a3-4340-9d37-d41e42b9d14a/7e3e5720-e209-4dcc-89af-45cd7eacdd0a/300x300.jpg
Boissons et Lait,0b59654e-d5ed-420b-868f-e77e0565e2b6,MPX_23370,Champomy Boisson Pétillante Sans Alcool au Jus de Pomme 75 cl,3.79,5.05,"['Nos sélections', 'Boutique Enfants', 'Pour le goûter de vos enfants', 'Jus et Soda']",Champomy,True,False,false,1.0,MONTH,75cl,[],https://courses.monoprix.fr/images-v3/0c44253f-c4a3-4340-9d37-d41e42b9d14a/2e9de5e7-5555-4db6-97c2-8efaa6416471/300x300.jpg
Boissons et Lait,56e42308-3432-41b7-b874-c6c1c39d3094,MPX_4757247,"Maytea Thé Glacé Menthe 1,2 L",2.59,2.16,"['Boissons et Lait', 'Soda et Boisson aromatisée', 'Boisson au thé']",Maytea,True,False,false,1.0,MONTH,1.2L,[],https://courses.monoprix.fr/images-v3/0c44253f-c4a3-4340-9d37-d41e42b9d14a/d799e6c6-62de-4c10-b974-0295c2f9be95/300x300.jpg
Boissons et Lait,e1733cf8-1047-4f7b-a165-2389a479e777,MPX_3416698,"Volvic Essentiel Bio Citron, Pamplemousse & Romarin 75Cl",2.29,3.05,"['Bio', 'Boisson et Cave bio', 'Soda, Boisson aromatisée et Sirop bio']",Volvic,True,False,false,1.0,MONTH,750ml,['Produit bio'],https://courses.monoprix.fr/images-v3/0c44253f-c4a3-4340-9d37-d41e42b9d14a/2010bd8d-97b8-4ad0-9f18-bbbf42a99aab/300x300.jpg
Boissons et Lait,7d304879-a570-4965-ba1f-751fc9a3d4f5,MPX_3070005,Schweppes Zéro Indian Tonic pack de 6x33 cl canettes,4.15,2.1,"['Boissons et Lait', 'Soda et Boisson aromatisée', 'Limonade, Lime et Tonic']",Schweppes,True,False,false,1.0,MONTH,6 x 33cl,[],https://courses.monoprix.fr/images-v3/0c44253f-c4a3-4340-9d37-d41e42b9d14a/96c3ccac-b77b-4c15-bcf4-9676d0eb70ce/300x300.jpg
Boissons et Lait,c9c54877-194c-4a2a-8f62-b911e8f29042,MPX_2008282,Innocent smoothie à la fraise banane la bouteille de 75cl,4.19,5.59,"['Fruits & Légumes', 'Jus Frais & Smoothies', 'Smoothies']",Innocent,True,False,false,1.0,WEEK,750ml,[],https://courses.monoprix.fr/images-v3/0c44253f-c4a3-4340-9d37-d41e42b9d14a/a7f82079-900d-4a02-be04-367a04d362d8/300x300.jpg
Boissons et Lait,bbb6d977-1836-426e-8c58-138a47fc9780,MPX_2307616,Clipper Thé Vert Bio 35g,3.29,94.0,"['Epicerie Sucrée', 'Café, Thé et Boisson chaude', 'Thé et Infusion', 'Thé vert']",Clipper,True,False,false,6.0,MONTH,35g,"['Produit équitable', 'Produit bio']",https://courses.monoprix.fr/images-v3/0c44253f-c4a3-4340-9d37-d41e42b9d14a/27f9621d-bc28-4310-a0de-a8a247341a9f/300x300.jpg
Boissons et Lait,327329dc-499b-4458-aa3f-602b88e309cb,MPX_3279671,Heineken Bière Blonde 0° 6x33cl,5.49,2.77,"['Bière, Cave et Spiritueux', 'Bières et Cidres', 'Bières sans Alcool et Panachés']",Heineken,True,False,false,1.0,MONTH,6 x 33cl,[],https://courses.monoprix.fr/images-v3/0c44253f-c4a3-4340-9d37-d41e42b9d14a/7334e5b1-3ad5-464d-b8da-15f2ed3e7ce9/300x300.jpg
Boissons et Lait,be5e7922-2c8f-4d5a-86a3-c8c16f5afc55,MPX_4235265,Monoprix Bio jus de citron de Sicile 500ml,3.49,6.98,"['Bio', 'Boisson et Cave bio', 'Jus bio']",Monop biologique,True,False,false,2.0,MONTH,500ml,['Produit bio'],https://courses.monoprix.fr/images-v3/0c44253f-c4a3-4340-9d37-d41e42b9d14a/a2886c25-513c-42ba-9759-579465fecef7/300x300.jpg
Boissons et Lait,bcf1e09b-f3cc-4dd7-9b5a-a01116d5746f,MPX_4112282,Coca Cola Zero 20x33cl,10.59,1.6,"['Boissons et Lait', 'Soda et Boisson aromatisée', 'Colas']",Coca-Cola,True,False,false,1.0,MONTH,20 x 33cl,['Produit halal'],https://courses.monoprix.fr/images-v3/0c44253f-c4a3-4340-9d37-d41e42b9d14a/6548205d-72b1-4843-9269-21c410a58e76/300x300.jpg
Boissons et Lait,35f57fc6-3462-4d11-b70a-0cc372593450,MPX_2160477,Bjorg Boisson Végétale Épeautre Noisette Bio 1L,4.29,4.29,"['Bio', 'Boisson et Cave bio', 'Boisson végétale bio']",Bjorg,True,False,false,1.0,MONTH,1L,['Produit bio'],https://courses.monoprix.fr/images-v3/0c44253f-c4a3-4340-9d37-d41e42b9d14a/db7b51da-f766-43bc-8fcb-d40c7a7775f2/300x300.jpg
Boissons et Lait,9011fbbc-bf4a-46a6-92c9-24eb64c36455,MPX_6602115,Teisseire Zéro Sirop Grenadine 60cl,3.25,5.42,"['Boissons et Lait', 'Jus et Sirop', 'Sirop']",Teisseire,True,False,false,6.0,MONTH,600ml,[],https://courses.monoprix.fr/images-v3/0c44253f-c4a3-4340-9d37-d41e42b9d14a/4a99ee93-1a47-4116-8356-1e7f30ca1ee4/300x300.jpg
Boissons et Lait,42c85890-b7fc-4110-abe1-abce8fb21945,MPX_1978758,Candia - Candy'Up - Boisson lactée fraise - le pack de 6x 20cl,3.49,2.91,"['Boissons et Lait', 'Lait', 'Lait aromatisé']",Candy'up,True,False,false,4.0,WEEK,6 x 20cl,[],https://courses.monoprix.fr/images-v3/0c44253f-c4a3-4340-9d37-d41e42b9d14a/3c59aa7a-49f5-43bc-b23b-4d963e0d8c05/300x300.jpg
Boissons et Lait,32fcdf80-5f08-44ea-92b3-87f86d9fed64,MPX_1682614,Monoprix Jus multifruits de jus et de purées 100% fruit pressé 1L,1.99,1.99,"['Boissons et Lait', 'Jus et Sirop', 'Jus multifruit']",Monoprix,True,False,false,1.0,MONTH,1L,[],https://courses.monoprix.fr/images-v3/0c44253f-c4a3-4340-9d37-d41e42b9d14a/015b47c1-7802-4df3-b0e7-29fb03c18141/300x300.jpg
Boissons et Lait,e9147d92-bd21-4b8b-8dd9-9b368dcf389b,MPX_1787256,Capri-sun multivitamines boisson aux fruits plate 10x20cl,4.25,2.13,"['Boissons et Lait', 'Jus et Sirop', 'Petit format']",Caprisun,True,False,false,1.0,MONTH,10 x 20cl,[],https://courses.monoprix.fr/images-v3/0c44253f-c4a3-4340-9d37-d41e42b9d14a/b19de98b-b69d-40d6-bab4-9c1854156ee3/300x300.jpg
Boissons et Lait,b0a2cdc8-0984-44db-94b0-23dd1c7a2020,MPX_3729907,San Pellegrino Eau Gazeuse Aromatisée Clémentine Et Pêche 6x33cl,5.49,2.77,"['Boissons et Lait', 'Eau', 'Eau aromatisée gazeuse']",SAN PELLEGRINO,True,False,false,1.0,MONTH,6 x 33cl,[],https://courses.monoprix.fr/images-v3/0c44253f-c4a3-4340-9d37-d41e42b9d14a/5c20b37a-12bc-42de-a6f3-28ca3c061c1c/300x300.jpg
Boissons et Lait,7c63ca4a-4ae8-4a1b-98a6-47b12931e0b8,MPX_3510827,Innocent Zest défense 750ml,3.95,5.27,"['Fruits & Légumes', 'Jus Frais & Smoothies', 'Autres Jus de Fruits']",Innocent,True,False,false,2.0,WEEK,750ml,[],https://courses.monoprix.fr/images-v3/0c44253f-c4a3-4340-9d37-d41e42b9d14a/d9b12057-32cc-45df-8d64-c89ecac84d53/300x300.jpg
Boissons et Lait,23e1dd4d-555b-4031-9689-19268b1fd1c5,MPX_2048915,Badoit zest citron vert sans sucres 1L,1.08,1.08,"['Boissons et Lait', 'Eau', 'Eau aromatisée gazeuse']",Badoit,True,False,false,1.0,MONTH,1L,[],https://courses.monoprix.fr/images-v3/0c44253f-c4a3-4340-9d37-d41e42b9d14a/46c58d45-f195-406a-b6b2-14424749ace0/300x300.jpg
Boissons et Lait,5d344afe-d72c-4805-bf00-3be58379d562,MPX_3858900,Lait Demi-Écrémé Bio 1 Litre Lactel,1.89,1.89,"['Bio', 'Crèmerie bio', 'Lait bio']",LACTEL,True,False,false,6.0,DAY,1L,['Produit végétarien'],https://courses.monoprix.fr/images-v3/0c44253f-c4a3-4340-9d37-d41e42b9d14a/adf7e8f7-bee2-416f-a719-b9c971be8641/300x300.jpg
Boissons et Lait,50456db5-8efb-4945-8703-492dd8a9e416,MPX_4016645,Vittel Eau Minérale Naturelle Pack de 8x33cl,2.59,0.98,"['Boissons et Lait', 'Eau', 'Eau plate']",VITTEL,True,False,false,6.0,MONTH,8 x 33cl,[],https://courses.monoprix.fr/images-v3/0c44253f-c4a3-4340-9d37-d41e42b9d14a/0f37626d-b2d7-45a3-b4c4-68eb3239cc57/300x300.jpg
Boissons et Lait,8d3ebfd3-63e3-426f-9591-303060da3998,MPX_1175927,"Monoprix Limonade Arôme Naturel de Citron 1,5L",0.99,0.66,"['Nos sélections', 'Inspiration du moment', '& Frigo vide', 'Soft et Jus']",Monoprix,True,False,false,1.0,MONTH,1.5L,[],https://courses.monoprix.fr/images-v3/0c44253f-c4a3-4340-9d37-d41e42b9d14a/0c1bfcfd-cd4f-4c22-ac8b-ed67aa61a4b3/300x300.jpg
Boissons et Lait,cf5ab72f-60e3-4fbc-a159-efb59dcb7c22,MPX_1685177,Monoprix Gourmet Pomme de Bretagne 100% pur jus de fruit pressé 1L,2.85,2.85,"['Boissons et Lait', 'Jus et Sirop', 'Jus de pomme']",Monoprix Gourmet,True,False,false,1.0,MONTH,1L,[],https://courses.monoprix.fr/images-v3/0c44253f-c4a3-4340-9d37-d41e42b9d14a/c291509d-7837-4d24-9b60-964491a63550/300x300.jpg
Boissons et Lait,cc1ab72a-bba5-4bcd-b02d-f0b2033a574f,MPX_812137,Lactel Bio Lait Demi-Écrémé Bio 6x50cl,7.45,2.48,"['Bio', 'Crèmerie bio', 'Lait bio']",Lactel bio,True,False,false,4.0,WEEK,6 x 50cl,['Produit bio'],https://courses.monoprix.fr/images-v3/0c44253f-c4a3-4340-9d37-d41e42b9d14a/8fec0ed4-3c0b-4011-bf46-5101a2cdcbdb/300x300.jpg
Boissons et Lait,05c3799e-beb8-4474-8814-a2ef1d980e70,MPX_3988962,"Cristaline Eau De Source Pétillante 6x1,5L",2.19,0.24,"['Boissons et Lait', 'Eau', 'Eau gazeuse']",Cristaline,True,False,false,2.0,MONTH,6 x 1.5L,[],https://courses.monoprix.fr/images-v3/0c44253f-c4a3-4340-9d37-d41e42b9d14a/11f514c0-a8b1-4374-bbff-a8d38479c08c/300x300.jpg
Boissons et Lait,aa4cec0e-5418-4b4b-b6df-4dea85e5006f,MPX_56589,Bjorg Boisson Végétale Soja Vanille Bio 1L,3.19,3.19,"['Bio', 'Boisson et Cave bio', 'Boisson végétale bio']",Bjorg,True,False,false,2.0,MONTH,1L,['Produit bio'],https://courses.monoprix.fr/images-v3/0c44253f-c4a3-4340-9d37-d41e42b9d14a/84655012-eb4b-4d7e-907a-0b954ab972dd/300x300.jpg
Boissons et Lait,9cd8d88b-0ba9-437d-b37e-c64b39208e19,MPX_3510820,Innocent Jus Orange & Mangue 900 ML,3.69,4.1,"['Fruits & Légumes', 'Jus Frais & Smoothies', 'Jus Multifruits']",Innocent,True,False,false,1.0,WEEK,90cl,[],https://courses.monoprix.fr/images-v3/0c44253f-c4a3-4340-9d37-d41e42b9d14a/ade1d2bb-13e3-423f-a7cb-be4b70426749/300x300.jpg
Boissons et Lait,c38b53a2-518c-4c34-a39e-be1716542291,MPX_4004576,Sassy Jus de Pomme le Pétillant Bio 33cl,2.49,7.55,"['Bio', 'Boisson et Cave bio', 'Jus bio']",MAISON SASSY,True,False,false,2.0,MONTH,330ml,['Produit bio'],https://courses.monoprix.fr/images-v3/0c44253f-c4a3-4340-9d37-d41e42b9d14a/aa2324ec-2902-4478-b343-06bef555a882/300x300.jpg
Boissons et Lait,70558441-3881-4873-b842-92e696d9d6ee,MPX_2154052,"Monoprix Boisson saveur citroncitron vert 1,5L",0.75,0.5,"['Boissons et Lait', 'Eau', 'Eau aromatisée plate']",Monoprix,True,False,false,1.0,MONTH,1.5L,[],https://courses.monoprix.fr/images-v3/0c44253f-c4a3-4340-9d37-d41e42b9d14a/0fdd1c5c-c83c-49ef-90cc-d778cb347901/300x300.jpg
Boissons et Lait,e8e71932-9aaa-49a6-ab62-687a20b52f35,MPX_2187048,"Innocent Jus d'orange avec pulpe, 100% pur jus 900ml",2.99,3.32,"['Fruits & Légumes', 'Jus Frais & Smoothies', ""Jus d'Orange""]",Innocent,True,False,false,1.0,WEEK,90cl,[],https://courses.monoprix.fr/images-v3/0c44253f-c4a3-4340-9d37-d41e42b9d14a/292f100e-fca9-4b0b-9352-d9b8b2cac4e9/300x300.jpg
Boissons et Lait,99a2f4a4-3714-4995-b9f4-413829fbaf45,MPX_6113353,Alpro Boisson Végétale Avoine 1L,2.89,2.89,"['Régimes alimentaires', 'Végétal', 'Boisson végétale']",Alpro,True,False,false,2.0,MONTH,1L,[],https://courses.monoprix.fr/images-v3/0c44253f-c4a3-4340-9d37-d41e42b9d14a/6ad11b18-5160-4966-a212-64a72cb8aea7/300x300.jpg
Boucherie et Volaille,de0a3818-50de-4e28-968c-b22ccaaa3108,MPX_4246668,Monoprix Haché En Vrac 5% Mg 350g,5.69,16.26,"['Boucherie et Volaille', 'Boucherie', 'Viandes hachées et farces']",Monoprix,True,False,false,2.0,DAY,350g,[],https://courses.monoprix.fr/images-v3/0c44253f-c4a3-4340-9d37-d41e42b9d14a/54e69d4a-0983-4876-a1ae-c3596e46d3fd/300x300.jpg
Boucherie et Volaille,7c180e33-1641-453d-a8a0-f160ddbf9d22,MPX_4246664,Monoprix Steak Hachés 5% 2X125G,4.15,16.6,"['Boucherie et Volaille', 'Boucherie', 'Viandes hachées et farces']",Monoprix,True,False,false,2.0,DAY,250g,[],https://courses.monoprix.fr/images-v3/0c44253f-c4a3-4340-9d37-d41e42b9d14a/95de63d8-5f46-4e96-9924-0889e6c00950/300x300.jpg
Boucherie et Volaille,0b4cf4f9-266d-4253-8121-91f8ea4bca62,MPX_3822598,Monoprix Escalope Extrafine De Dinde X2 260G,4.0,15.99,"['Boucherie et Volaille', 'Volaille', 'Dinde']",Monoprix,True,False,false,4.0,DAY,250,[],https://courses.monoprix.fr/images-v3/0c44253f-c4a3-4340-9d37-d41e42b9d14a/455b3cb8-8a97-4c10-ad19-037c84a74794/300x300.jpg
Boucherie et Volaille,bcc3aae2-50e7-4a64-bf8c-112ca780395b,MPX_147467,Le Gaulois Gésiers De Volaille Confits 300G,3.99,13.3,"['Noël', 'Promos de Noël', ""Promos repas festif,\xa0jusqu'à 50% sur le 2ème sur une sélection festive""]",LE GAULOIS,True,False,false,2.0,WEEK,300g,[],https://courses.monoprix.fr/images-v3/0c44253f-c4a3-4340-9d37-d41e42b9d14a/630f263d-aa77-4e54-bdb3-f2eb904413e4/300x300.jpg
Boucherie et Volaille,6e5b36ef-9c5d-4a93-96ec-b03f55a709a7,MPX_66656,Loué Poulet Fermier Blanc Label Rouge 1.4Kg,13.99,9.99,"['Boucherie et Volaille', 'Volaille', 'Poulet']",LOUE,True,False,false,2.0,DAY,1.4,[],https://courses.monoprix.fr/images-v3/0c44253f-c4a3-4340-9d37-d41e42b9d14a/711a292c-521e-4063-923f-8429e4165bf7/300x300.jpg
Boucherie et Volaille,b79f9af6-049c-49b5-8c40-610cf144dde2,MPX_1848388,Delpeyrat Confit De Canard Du Sud-Ouest 550G,12.99,23.62,"['Noël', 'Promos de Noël', ""Promos repas festif,\xa0jusqu'à 50% sur le 2ème sur une sélection festive""]",Delpeyrat,True,False,false,6.0,MONTH,550g,[],https://courses.monoprix.fr/images-v3/0c44253f-c4a3-4340-9d37-d41e42b9d14a/7e04eebf-8f06-4eed-8f98-a4d25e0ad35b/300x300.jpg
Boucherie et Volaille,c5446a98-2fe8-4be9-bfc8-705a8fea0525,MPX_147077,Le Gaulois Foies De Volaille Confits 300G,3.65,12.17,"['Noël', 'Promos de Noël', ""Promos repas festif,\xa0jusqu'à 50% sur le 2ème sur une sélection festive""]",Le Gaulois,True,False,false,2.0,WEEK,300g,['Produit bio'],https://courses.monoprix.fr/images-v3/0c44253f-c4a3-4340-9d37-d41e42b9d14a/712273eb-6465-4fdd-ae52-02bd4c1ebacc/300x300.jpg
Boucherie et Volaille,f46046ce-1f8e-4521-905e-648e0c58dc92,MPX_3822599,Monoprix Filets Poulet 2x120g,4.01,16.69,"['Boucherie et Volaille', 'Volaille', 'Poulet']",Monoprix,True,False,false,4.0,DAY,240,[],https://courses.monoprix.fr/images-v3/0c44253f-c4a3-4340-9d37-d41e42b9d14a/1a1e7c51-6990-4bd6-b840-03c9bdb772bd/300x300.jpg
Boucherie et Volaille,64a3ac4c-3141-431a-80ed-203ec8783693,MPX_1419906,Monoprix Gourmet Filets de Poulet Fermier x2 300g,7.26,26.39,"['Boucherie et Volaille', 'Volaille', 'Poulet']",Monoprix Gourmet,True,False,false,3.0,DAY,275,[],https://courses.monoprix.fr/images-v3/0c44253f-c4a3-4340-9d37-d41e42b9d14a/2ba25e2c-2ab0-48d8-a0bf-49c5806a3854/300x300.jpg
Boucherie et Volaille,267b74e6-09ef-4d13-9878-6e25d234a34b,MPX_2276408,Le Gaulois Aiguillettes De Poulet 210G,4.45,21.19,"['Boucherie et Volaille', 'Volaille', 'Poulet']",Le Gaulois,True,False,false,5.0,DAY,210g,[],https://courses.monoprix.fr/images-v3/0c44253f-c4a3-4340-9d37-d41e42b9d14a/fcf0d83f-e241-4537-8167-8dbf85f4d87e/300x300.jpg
Boucherie et Volaille,fa176cce-22a5-4891-951f-1cb1f04d0110,MPX_1992375,"Charal Steaks Hachés Frais Pur Boeuf, 5% De Mat. Gr",5.79,22.27,"['Boucherie et Volaille', 'Boucherie', 'Viandes hachées et farces']",Charal,True,False,false,3.0,DAY,260g,[],https://courses.monoprix.fr/images-v3/0c44253f-c4a3-4340-9d37-d41e42b9d14a/e13f5a02-3e8d-40fb-adbe-f590776762a8/300x300.jpg
Boucherie et Volaille,105c98c6-304c-4778-8ece-fcf64ce329d4,MPX_2863137,Le Gaulois Filet De Poulet Blanc 720G,11.39,15.82,"['Boucherie et Volaille', 'Volaille', 'Poulet']",LE GAULOIS,True,False,false,4.0,DAY,720g,[],https://courses.monoprix.fr/images-v3/0c44253f-c4a3-4340-9d37-d41e42b9d14a/8d19e295-2f09-4621-8e0c-29ac23975c41/300x300.jpg
Boucherie et Volaille,4e437338-a246-4b85-9f15-28ab6d8dad6c,MPX_1397947,Loue Filet De Poulet Fermier Blanc X2 240g,8.29,34.54,"['Boucherie et Volaille', 'Volaille', 'Poulet']",Loué,True,False,false,4.0,DAY,240g,[],https://courses.monoprix.fr/images-v3/0c44253f-c4a3-4340-9d37-d41e42b9d14a/700917f7-311c-457d-8e87-6a1c34d6d457/300x300.jpg
Boucherie et Volaille,ca32e095-2b8f-4c70-a896-3c871282a013,MPX_3754853,Le Gaulois Filet de Poulet Extra Tendre 285G,5.27,18.49,"['Boucherie et Volaille', 'Volaille', 'Poulet']",LE GAULOIS,True,False,false,5.0,DAY,285,[],https://courses.monoprix.fr/images-v3/0c44253f-c4a3-4340-9d37-d41e42b9d14a/2dd6d2d7-59f4-4e91-9593-d74c9034a732/300x300.jpg
Boucherie et Volaille,9e6d69f3-0c93-44b6-9e92-2de98febd99c,MPX_576724,Monoprix Bio Origines Filets De Poulet Fermier X2 300G,10.27,36.69,"['Bio', 'Boucherie et Volaille bio', 'Volaille bio']",Monoprix Bio Origines,True,False,false,3.0,DAY,280,['Produit bio'],https://courses.monoprix.fr/images-v3/0c44253f-c4a3-4340-9d37-d41e42b9d14a/0d5aa3d2-aeda-4d52-85c8-394bcdc8a91e/300x300.jpg
Boucherie et Volaille,365aba98-37b9-4853-8bdc-039ef2f8a5a9,MPX_2247192,Monoprix bio boeuf bio hachée 5% 350g,7.79,22.26,"['Bio', 'Boucherie et Volaille bio', 'Boucherie bio']",Monoprix Bio,True,False,false,2.0,DAY,350g,[],https://courses.monoprix.fr/images-v3/0c44253f-c4a3-4340-9d37-d41e42b9d14a/80942a30-a531-4e64-97b8-052592dccc48/300x300.jpg
Boucherie et Volaille,457289b8-7b92-4159-902d-d1fd835baa65,MPX_75619,Monoprix Steaks Hachés Pur Bœuf Bio 2X125G,4.69,18.76,"['Bio', 'Boucherie et Volaille bio', 'Boucherie bio']",Monoprix Bio,True,False,false,2.0,DAY,250g,['Produit bio'],https://courses.monoprix.fr/images-v3/0c44253f-c4a3-4340-9d37-d41e42b9d14a/bc915a35-974f-47e8-9665-045e44342778/300x300.jpg
Boucherie et Volaille,33496511-561a-402c-b7cb-61a22b2274af,MPX_4419983,Monoprix Gourmet Viande Hachée race limousine 12% MG Label Rouge 300g,5.69,18.97,"['Boucherie et Volaille', 'Boucherie', 'Boucherie à la coupe']",Monoprix Gourmet,True,False,false,3.0,DAY,300g,[],https://courses.monoprix.fr/images-v3/0c44253f-c4a3-4340-9d37-d41e42b9d14a/e74eec3c-caff-434c-ae19-eeb8a3f3c3b3/300x300.jpg
Boucherie et Volaille,c15ba305-2788-4a41-935a-c7d5be4668e7,MPX_3417809,Le Gaulois Nuggets Extra Croustillant 200G,2.69,13.45,"['Boucherie et Volaille', 'Volaille', 'Cordons bleus, nuggets et grignottes']",Le Gaulois,True,False,false,1.0,WEEK,200g,[],https://courses.monoprix.fr/images-v3/0c44253f-c4a3-4340-9d37-d41e42b9d14a/06484d89-fa5b-4d82-a283-a64a4545ceca/300x300.jpg
Boucherie et Volaille,d97b5337-34c1-47c5-b1f8-74905197c878,MPX_4246667,Monoprix Viande Hachée De Bœuf Façon Bouchère 15% Mg 350G,5.29,15.11,"['Boucherie et Volaille', 'Boucherie', 'Viandes hachées et farces']",Monoprix,True,False,false,2.0,DAY,350g,[],https://courses.monoprix.fr/images-v3/0c44253f-c4a3-4340-9d37-d41e42b9d14a/9bc73123-cbd1-4702-abf8-8d054f7c92dd/300x300.jpg
Boucherie et Volaille,ade0f864-a69c-40f9-a987-da287a7bc65a,MPX_2006751,Charal Steak Haché De Boeuf 5%,8.19,20.48,"['Boucherie et Volaille', 'Boucherie', 'Viandes hachées et farces']",CHARAL,True,False,false,3.0,DAY,400g,[],https://courses.monoprix.fr/images-v3/0c44253f-c4a3-4340-9d37-d41e42b9d14a/cd832963-5984-4087-b882-5495e229b484/300x300.jpg
Boucherie et Volaille,d500c7a7-23d2-473c-be17-81c7700b83df,MPX_1122473,"Charal Carpaccio au basilic, fin et fondant 230g",6.69,29.09,"['Boucherie et Volaille', 'Boucherie', 'Bœuf']",Charal,True,False,false,4.0,DAY,230g,[],https://courses.monoprix.fr/images-v3/0c44253f-c4a3-4340-9d37-d41e42b9d14a/fccba0f8-f87f-4cb6-b68d-28dbe202a571/300x300.jpg
Boucherie et Volaille,af4763b9-b658-49c8-ba4f-58a5566aa1d7,MPX_1419907,Monoprix Gourmet filets de poulet fermier jaune du gers label rouge x2 - 300g,7.45,26.59,"['Boucherie et Volaille', 'Volaille', 'Poulet']",Monoprix Gourmet,True,False,false,3.0,DAY,280,[],https://courses.monoprix.fr/images-v3/0c44253f-c4a3-4340-9d37-d41e42b9d14a/e755c2da-375f-404b-8354-edaf2ade4a48/300x300.jpg
Boucherie et Volaille,70272bdd-ed52-4d4c-b422-d353c7e9728c,MPX_3729172,Monoprix Monoprix Toulouse Filiere X2 250G,3.19,12.76,"['Nos sélections', 'Inspiration du moment', '& Barbecue', 'Boucherie et Volaille']",Monoprix,True,False,false,3.0,DAY,250g,[],https://courses.monoprix.fr/images-v3/0c44253f-c4a3-4340-9d37-d41e42b9d14a/b1787049-0415-409f-aa46-83f76c6f4f47/300x300.jpg
Boucherie et Volaille,efca59ad-1aed-49a6-bb24-46fd55194860,MPX_3834843,Happyvore Nugget végétal 210g,4.59,21.86,"['Boucherie et Volaille', 'Protéines végétales']",Happyvore,True,False,false,1.0,WEEK,210g,['Produit vegan'],https://courses.monoprix.fr/images-v3/0c44253f-c4a3-4340-9d37-d41e42b9d14a/62453d9c-f45a-4504-b29b-f32d365dc0f0/300x300.jpg
Boucherie et Volaille,8a0616f4-d825-4b2a-ad1c-3d215e97276c,MPX_1525572,Monoprix bio steaks haché bio 2x125g,5.49,21.96,"['Bio', 'Boucherie et Volaille bio', 'Boucherie bio']",Monoprix Bio,True,False,false,2.0,DAY,2 x 125g,['Produit bio'],https://courses.monoprix.fr/images-v3/0c44253f-c4a3-4340-9d37-d41e42b9d14a/71318382-3dc9-4cde-85f0-63cc15917746/300x300.jpg
Boucherie et Volaille,8f8e1512-21b6-4e1c-8361-1fcf08648cbc,MPX_3537715,La Nouvelle Agriculture Filet Poulet Skinx2 260G,5.59,21.5,"['Boucherie et Volaille', 'Volaille', 'Poulet']",La nouvelle agriculture,True,False,false,5.0,DAY,260g,[],https://courses.monoprix.fr/images-v3/0c44253f-c4a3-4340-9d37-d41e42b9d14a/82ac15db-37b1-4444-a09e-93cf56da9c52/300x300.jpg
Boucherie et Volaille,fe27b89a-68f7-4480-bff0-f56be2d0ce41,MPX_2738543,Monoprix filets de poulet x4 le paquet de 560g,8.95,15.99,"['Boucherie et Volaille', 'Volaille', 'Poulet']",Monoprix,True,False,false,4.0,DAY,560,[],https://courses.monoprix.fr/images-v3/0c44253f-c4a3-4340-9d37-d41e42b9d14a/cecdb3ce-fecb-494b-9261-6f24bab3aa52/300x300.jpg
Boucherie et Volaille,c7e85c76-2f81-4a3e-88a5-60481fb50593,MPX_2738544,Monoprix aiguillettes de poulet x8 300g,5.28,17.59,"['Boucherie et Volaille', 'Volaille', 'Poulet']",Monoprix,True,False,false,4.0,DAY,300,[],https://courses.monoprix.fr/images-v3/0c44253f-c4a3-4340-9d37-d41e42b9d14a/0c579ecc-6069-4cf8-85b7-6312f85901ce/300x300.jpg
Boucherie et Volaille,fa9578a3-f257-49c8-9918-04247feb5e40,MPX_2020476,Monoprix Bio Origines Aiguillettes De Poulet 230G,9.45,41.09,"['Bio', 'Boucherie et Volaille bio', 'Volaille bio']",Monoprix Bio,True,False,false,5.0,DAY,230,['Produit bio'],https://courses.monoprix.fr/images-v3/0c44253f-c4a3-4340-9d37-d41e42b9d14a/9308eff7-7966-4a03-8a2f-6d70b3aca8a3/300x300.jpg
Boucherie et Volaille,5795b23d-4c12-4be4-aeee-76cb2afe9ce0,MPX_1467559,Loué Escalope De Dinde Fine X2 250G,6.58,28.59,"['Boucherie et Volaille', 'Volaille', 'Dinde']",LOUE,True,False,false,4.0,DAY,230,[],https://courses.monoprix.fr/images-v3/0c44253f-c4a3-4340-9d37-d41e42b9d14a/48b25560-5fd3-4a4b-9589-a85f2595e347/300x300.jpg
Boucherie et Volaille,95ed49f5-e5b9-42ba-aab3-4b89e60e1371,MPX_190672,Le Gaulois Filet De Poulet Rôti x2 275g,6.87,24.99,"['Boucherie et Volaille', 'Volaille', 'Poulet']",LE GAULOIS,True,False,false,1.0,WEEK,275,[],https://courses.monoprix.fr/images-v3/0c44253f-c4a3-4340-9d37-d41e42b9d14a/e9e983f4-109f-4f97-982a-e0b1d667a6f4/300x300.jpg
Boucherie et Volaille,68310b78-9fb2-4e48-8d27-7f9afc52aa9f,MPX_2824296,Labeyrie Confit De Canard 2 Cuisses 400g,11.09,27.73,"['Boucherie et Volaille', 'Volaille', 'Canard et caille']",Labeyrie,True,False,false,2.0,MONTH,400g,[],https://courses.monoprix.fr/images-v3/0c44253f-c4a3-4340-9d37-d41e42b9d14a/08623f4e-24bc-4e28-9387-353a41028039/300x300.jpg
Boucherie et Volaille,b6c7c95e-3a19-4897-bd37-96397d206102,MPX_1963653,Le Gaulois Cordon Bleu De Dinde X 2 200G,2.79,13.95,"['Boucherie et Volaille', 'Volaille', 'Cordons bleus, nuggets et grignottes']",LE GAULOIS,True,False,false,1.0,WEEK,200g,[],https://courses.monoprix.fr/images-v3/0c44253f-c4a3-4340-9d37-d41e42b9d14a/8f657eb1-57ef-49aa-ab07-fe77b18159aa/300x300.jpg
Boucherie et Volaille,a5b59de9-57f6-4d5d-9321-deccb5ef029d,MPX_1333433,Le Gaulois Cordons Bleus Poulet X2 200G,2.69,13.45,"['Boucherie et Volaille', 'Volaille', 'Cordons bleus, nuggets et grignottes']",Le Gaulois,True,False,false,1.0,WEEK,2 x 100g,[],https://courses.monoprix.fr/images-v3/0c44253f-c4a3-4340-9d37-d41e42b9d14a/01c8f861-f727-4425-9395-6b2b6468bfcf/300x300.jpg
Boucherie et Volaille,f2aa6107-c40f-48fb-857b-4467ebf603e5,MPX_1243719,Tendriade Hachés De Veau Façon Bouchère 2X100G,4.59,22.95,"['Boucherie et Volaille', 'Boucherie', 'Viandes hachées et farces']",Tendriade,True,False,false,2.0,DAY,200g,[],https://courses.monoprix.fr/images-v3/0c44253f-c4a3-4340-9d37-d41e42b9d14a/ff533db9-6e28-464d-b449-8abd17f8e080/300x300.jpg
Boucherie et Volaille,c4e9c38c-8ae5-48b8-b8ff-515e813bfae3,MPX_3623133,Monoprix Escalopes Cordon Bleu De Poulet X2,1.95,9.75,"['Boucherie et Volaille', 'Volaille', 'Cordons bleus, nuggets et grignottes']",Monoprix,True,False,false,1.0,WEEK,200g,[],https://courses.monoprix.fr/images-v3/0c44253f-c4a3-4340-9d37-d41e42b9d14a/f43e4882-7f60-461c-a4a1-b89c54e082b0/300x300.jpg
Boucherie et Volaille,d8d333e9-78f9-400d-bd7e-e2037ca21561,MPX_3764944,Le Gaulois Escalope de Poulet 325G,5.49,18.29,"['Boucherie et Volaille', 'Volaille', 'Poulet']",LE GAULOIS,True,False,false,4.0,DAY,300,[],https://courses.monoprix.fr/images-v3/0c44253f-c4a3-4340-9d37-d41e42b9d14a/792525cb-1a4a-4dd0-ae42-7f7f73eb3bde/300x300.jpg
Boucherie et Volaille,c5c7150b-2552-49f0-91a7-c60a04b43f78,MPX_65969,Loué Poulet Fermier Jaune Label Rouge 1.4Kg,13.99,9.99,"['Boucherie et Volaille', 'Volaille', 'Poulet']",LOUE,True,False,false,2.0,DAY,1.4,[],https://courses.monoprix.fr/images-v3/0c44253f-c4a3-4340-9d37-d41e42b9d14a/a74940cb-7b59-4a11-9d46-ac4954b05220/300x300.jpg
Boucherie et Volaille,63c410f9-d2b1-4cfe-90f5-66fe50206913,MPX_1119397,Charal Biftecks Extra-Tendres,7.45,26.59,"['Boucherie et Volaille', 'Boucherie', 'Bœuf']",Charal,True,False,false,1.0,WEEK,280,[],https://courses.monoprix.fr/images-v3/0c44253f-c4a3-4340-9d37-d41e42b9d14a/4365da71-e8dd-4852-898a-715fd6f77922/300x300.jpg
Boucherie et Volaille,44b0e184-99dc-4fab-8d4b-d865a96a4d85,MPX_2351369,"Monoprix Carpaccio pur boeuf, sauce huile d'olive et basilic 200G",5.09,25.45,"['Boucherie et Volaille', 'Boucherie', 'Bœuf']",Monoprix,True,False,false,2.0,DAY,200g,[],https://courses.monoprix.fr/images-v3/0c44253f-c4a3-4340-9d37-d41e42b9d14a/b7b7e6ad-7982-4f89-8db4-0d88c0c80fd7/300x300.jpg
Boucherie et Volaille,8767a42d-c3a7-4fcf-97c4-a79030f8315c,MPX_3728990,Le Gaulois Escalope De Poulet 2x120g,5.94,21.59,"['Boucherie et Volaille', 'Volaille', 'Poulet']",LE GAULOIS,True,False,false,3.0,DAY,275,[],https://courses.monoprix.fr/images-v3/0c44253f-c4a3-4340-9d37-d41e42b9d14a/257fca54-2aa4-4342-932a-19da1f3448ac/300x300.jpg
Boucherie et Volaille,4a8eaea7-888d-4c51-b858-89f329a18eee,MPX_3959554,Père Dodu Cordon Bleu Poulet Sans Antibiotique 2X200G,3.39,16.95,"['Bio', 'Boucherie et Volaille bio', 'Volaille bio']",Père Dodu,True,False,false,1.0,WEEK,200g,[],https://courses.monoprix.fr/images-v3/0c44253f-c4a3-4340-9d37-d41e42b9d14a/44d5d318-8e0c-4121-b14e-a6fd499e3679/300x300.jpg
Boucherie et Volaille,d3015ae5-3244-4037-9eed-113f55d41e02,MPX_1419912,Monoprix Gourmet Filet De Poulet Fermier Blanc Du Gers Label Rouge 140G,4.29,30.64,"['Boucherie et Volaille', 'Volaille', 'Poulet']",Monoprix Gourmet,True,False,false,3.0,DAY,140g,[],https://courses.monoprix.fr/images-v3/0c44253f-c4a3-4340-9d37-d41e42b9d14a/c4a668c8-ead6-49e6-8e42-efa89221dd18/300x300.jpg
Boucherie et Volaille,7e4fde21-ebe3-4e04-8588-bf8ed868d14a,MPX_3368052,Monoprix Gourmet Côte Échine De Porc 2X170G,4.76,13.99,"['Boucherie et Volaille', 'Boucherie', 'Boucherie à la coupe']",Monoprix Gourmet,True,False,false,1.0,WEEK,340,[],https://courses.monoprix.fr/images-v3/0c44253f-c4a3-4340-9d37-d41e42b9d14a/4019123c-1f1c-4ff3-b634-640f7c8a4d0d/300x300.jpg
Boucherie et Volaille,752013b1-ac48-44b5-8eec-cd3f56c48f4d,MPX_1994319,Charal Faux Filet,5.75,31.09,"['Boucherie et Volaille', 'Boucherie', 'Bœuf']",Charal,True,False,false,1.0,WEEK,185,[],https://courses.monoprix.fr/images-v3/0c44253f-c4a3-4340-9d37-d41e42b9d14a/3fbdd35f-29a2-4bd4-a49b-98e47ba0c312/300x300.jpg
Boucherie et Volaille,c4f3dc35-eefd-4b59-b578-87b3c12d3384,MPX_6565185,Heura Escalope Panée x2 - 220g,4.69,21.32,"['Boucherie et Volaille', 'Protéines végétales']",Heura,True,False,false,4.0,DAY,220g,[],https://courses.monoprix.fr/images-v3/0c44253f-c4a3-4340-9d37-d41e42b9d14a/2fd99faa-6371-4716-80db-6f6a79e046b6/300x300.jpg
Boucherie et Volaille,6e9004c0-d72b-46ac-986f-4dc1e63f59dc,MPX_3822861,Bio la viande Steaks Hachés de Bœuf Façon Bouchère 2x125g,4.99,19.96,"['Bio', 'Boucherie et Volaille bio', 'Boucherie bio']",Comptoir des Viandes Bio,True,False,false,3.0,DAY,2 x 125g,['Produit bio'],https://courses.monoprix.fr/images-v3/0c44253f-c4a3-4340-9d37-d41e42b9d14a/0c5f9203-eb0e-4f93-b48c-bc233ba095c0/300x300.jpg
Boucherie et Volaille,419aa353-03a1-41d2-b442-4ae728b14274,MPX_1995126,Monoprix Gourmet Tête de Veau Cuisinée & Sauce Gribiche 300g,5.59,18.63,"['Boucherie et Volaille', 'Boucherie', 'Boucherie à la coupe']",Monoprix Gourmet,True,False,false,2.0,WEEK,300g,[],https://courses.monoprix.fr/images-v3/0c44253f-c4a3-4340-9d37-d41e42b9d14a/8f11d868-22f4-4709-9e23-7b794f5e40ab/300x300.jpg
Boucherie et Volaille,4182a6e4-648c-4b31-ac13-adab32103336,MPX_6566597,Happyvore chorizo 90g,3.59,39.89,"['Régimes alimentaires', 'Végétal', 'Protéine végétale']",Happyvore,True,False,false,3.0,WEEK,90g,[],https://courses.monoprix.fr/images-v3/0c44253f-c4a3-4340-9d37-d41e42b9d14a/49b0e5ec-37a0-4857-85e5-9179fc909cf9/300x300.jpg
Boucherie et Volaille,385d72ea-e278-44db-bdef-c8d80750bae1,MPX_4247189,Charal Label Rouge Steaks Hachés 5% MG 2x130g,6.29,24.19,"['Boucherie et Volaille', 'Boucherie', 'Viandes hachées et farces']",Charal,True,False,false,3.0,DAY,2 x 130g,[],https://courses.monoprix.fr/images-v3/0c44253f-c4a3-4340-9d37-d41e42b9d14a/72c15263-0c01-4fdc-9b17-ac3789a1714d/300x300.jpg
Boucherie et Volaille,ae065692-367c-4d03-802e-89fc28b52f41,MPX_2738542,Monoprix Escalope de Dinde x4 - 475g,7.79,16.39,"['Boucherie et Volaille', 'Volaille', 'Dinde']",Monoprix,True,False,false,4.0,DAY,475,[],https://courses.monoprix.fr/images-v3/0c44253f-c4a3-4340-9d37-d41e42b9d14a/010aec12-4e27-4f7f-a1e1-deec06988da7/300x300.jpg
Boucherie et Volaille,b1aaeb90-dd86-4564-a47f-4f1b330250a0,MPX_2425454,Charcuteries Du Quercy Saucisse De Toulouse Artisanale 350G,4.39,12.54,"['Nos sélections', 'Inspiration du moment', '& Barbecue', 'Boucherie et Volaille']",Charcuterie du Quercy,True,False,false,3.0,DAY,350g,[],https://courses.monoprix.fr/images-v3/0c44253f-c4a3-4340-9d37-d41e42b9d14a/e8e610d8-580b-4fa0-adc2-a0286cda0e54/300x300.jpg
Boucherie et Volaille,348a1824-98d9-4acc-901b-398e424c4374,MPX_3046337,"Monoprix Bio Steaks hachés Bio 15% mg x4, 500g",9.19,18.38,"['Bio', 'Boucherie et Volaille bio', 'Boucherie bio']",Monoprix Bio,True,False,false,2.0,DAY,500g,[],https://courses.monoprix.fr/images-v3/0c44253f-c4a3-4340-9d37-d41e42b9d14a/cc3adfed-20af-44a6-b4e4-eb7588842f30/300x300.jpg
Boucherie et Volaille,3b54f2f1-4fa6-41ba-ac29-64d3423f4f98,MPX_3562854,Monoprix Emincés de Filet de Poulet Rôti au Thym et Citron,3.09,20.6,"['Boucherie et Volaille', 'Volaille', 'Poulet']",Monoprix,True,False,false,1.0,WEEK,150g,[],https://courses.monoprix.fr/images-v3/0c44253f-c4a3-4340-9d37-d41e42b9d14a/9db5e913-d5ef-44e3-8ddf-d647ee6b46c2/300x300.jpg
Boucherie et Volaille,0d15df0a-b299-41e1-8c7d-2589c37826f2,MPX_6578367,Happyvore 4 knax végétales & gourmandes 200g,4.59,22.95,"['Régimes alimentaires', 'Végétal', 'Protéine végétale']",Happyvore,True,False,false,5.0,DAY,200g,[],https://courses.monoprix.fr/images-v3/0c44253f-c4a3-4340-9d37-d41e42b9d14a/03321aef-6220-4948-a100-240b73ef193c/300x300.jpg
Boucherie et Volaille,298994c6-d36d-45e3-ab41-7f05608fe6f6,MPX_2725647,Porc De Montagne Chair À Saucisse Nature 500G,6.19,12.38,"['Boucherie et Volaille', 'Boucherie', 'Viandes hachées et farces']",VALTITUDE,True,False,false,4.0,DAY,500g,[],https://courses.monoprix.fr/images-v3/0c44253f-c4a3-4340-9d37-d41e42b9d14a/d4ba8cc2-1230-4c70-b6c3-1067bbd68533/300x300.jpg
Boucherie et Volaille,3904b354-4c84-4f7f-8d1a-7e4a6aec5dd7,MPX_5478641,La Vie Lardon Végétaux Nature 150 g,3.85,25.67,"['Régimes alimentaires', 'Végétal', 'Protéine végétale']",La Vie,True,False,false,1.0,WEEK,150g,[],https://courses.monoprix.fr/images-v3/0c44253f-c4a3-4340-9d37-d41e42b9d14a/49f9d6f1-7bb3-4ef7-aeb5-666d394e956e/300x300.jpg
Boucherie et Volaille,4908a3bf-f37e-446a-ac6e-1ce46745fcbb,MPX_4246666,Monoprix Steak Haché 5% MG x1 125g,2.45,19.6,"['Boucherie et Volaille', 'Boucherie', 'Viandes hachées et farces']",Monoprix,True,False,false,3.0,DAY,125g,[],https://courses.monoprix.fr/images-v3/0c44253f-c4a3-4340-9d37-d41e42b9d14a/6f1083b0-f56a-49cc-81fc-3f45b8df95b1/300x300.jpg
Boucherie et Volaille,863f9ab9-3896-45ad-a22f-1393d5bdf3a9,MPX_3550332,Monoprix Cubes de Filets de Poulet 300G,5.37,17.89,"['Boucherie et Volaille', 'Volaille', 'Poulet']",Monoprix,True,False,false,4.0,DAY,300,[],https://courses.monoprix.fr/images-v3/0c44253f-c4a3-4340-9d37-d41e42b9d14a/9ee3012c-635e-46e5-a2d2-94c77c0b0ef6/300x300.jpg
Boucherie et Volaille,8d566a45-5512-4235-a316-dfb66d7b39e7,MPX_3609979,Tendriade Saute De Veau Of Les Eleveurs,10.95,21.9,"['Boucherie et Volaille', 'Boucherie', 'Veau et Agneau']",LES ELEVEURS DE CHEZ NOUS,True,False,false,3.0,DAY,500,[],https://courses.monoprix.fr/images-v3/0c44253f-c4a3-4340-9d37-d41e42b9d14a/62ee0adf-afb0-4a63-b41e-9e8ca6c0272e/300x300.jpg
Boucherie et Volaille,204a358a-5c86-4d34-8ad4-f99f3e8f4d10,MPX_1893227,Monoprix Gigolette De Lapin,10.19,19.59,"['Boucherie et Volaille', 'Volaille', 'Lapin']",Monoprix,True,False,false,4.0,DAY,520,[],https://courses.monoprix.fr/images-v3/0c44253f-c4a3-4340-9d37-d41e42b9d14a/4d0ab814-a06d-4b92-ab8d-85e37ffe2c0e/300x300.jpg
Boucherie et Volaille,a6c5f821-f0a3-41e8-bf3d-d3ffad1d7ba2,MPX_3010444,Monoprix Gourmet pilons de poulet fermier jaune du gers label rouge 450g,6.25,13.89,"['Boucherie et Volaille', 'Volaille', 'Poulet']",Monoprix Gourmet,True,False,false,3.0,DAY,450,[],https://courses.monoprix.fr/images-v3/0c44253f-c4a3-4340-9d37-d41e42b9d14a/3a95057a-9b48-4195-b114-929c9f16dd52/300x300.jpg
Boucherie et Volaille,d6b3c6cf-d680-4e58-9772-9876cc8b23c0,MPX_3729171,Monoprix Monoprix Farce Filiere 250G,3.19,12.76,"['Boucherie et Volaille', 'Boucherie', 'Viandes hachées et farces']",Monoprix,True,False,false,3.0,DAY,250g,[],https://courses.monoprix.fr/images-v3/0c44253f-c4a3-4340-9d37-d41e42b9d14a/026852d0-eacb-4128-b533-faa3c4e41a3b/300x300.jpg
Boucherie et Volaille,5c2c495a-15ec-4690-bd42-e8ca88fdca12,MPX_2863139,Le Gaulois escalopes de dinde 720g,11.99,16.65,"['Boucherie et Volaille', 'Volaille', 'Dinde']",LE GAULOIS,True,False,false,4.0,DAY,720g,[],https://courses.monoprix.fr/images-v3/0c44253f-c4a3-4340-9d37-d41e42b9d14a/1a54e5a4-feb6-4d35-8c67-1e274791b129/300x300.jpg
Boucherie et Volaille,8d76358f-0a43-4693-9012-1aaf9cb9b9a5,MPX_3500253,"Premier Prix Cuisse De Poulet Blanc Certifié Sans Antibiotique 1,6Kg 1,6Kg",10.0,6.25,"['Bio', 'Boucherie et Volaille bio', 'Volaille bio']",Premier Prix,True,False,false,4.0,DAY,1.6kg,[],https://courses.monoprix.fr/images-v3/0c44253f-c4a3-4340-9d37-d41e42b9d14a/d4e0a499-870a-40d2-9a3f-29c9f1e91063/300x300.jpg
Boucherie et Volaille,8faf8892-e170-4e9d-aad9-5da732214be9,MPX_1755815,Dabia Boulettes halal saveur orientale 375g,4.99,13.31,"['Boucherie et Volaille', 'Boucherie', 'Viandes hachées et farces']",DABIA,True,False,false,2.0,DAY,375g,['Produit halal'],https://courses.monoprix.fr/images-v3/0c44253f-c4a3-4340-9d37-d41e42b9d14a/1323d98b-1a4f-40a1-b346-c758643ebf1d/300x300.jpg
Boucherie et Volaille,292a9f2f-23d0-41c7-a341-76c112742cc2,MPX_1419276,Monoprix Bio Pavé Rumsteak De Boeuf 150g,4.38,31.29,"['Bio', 'Boucherie et Volaille bio', 'Boucherie bio']",Monoprix Bio,True,False,false,6.0,DAY,140,['Produit bio'],https://courses.monoprix.fr/images-v3/0c44253f-c4a3-4340-9d37-d41e42b9d14a/d9751b08-4bf2-46ca-aca2-9fb736b572c2/300x300.jpg
Boucherie et Volaille,5df943f3-c299-471a-9ac8-37e46ac1b98e,MPX_2507910,Charal Boeuf Bourguignon 300G,5.69,18.97,"['Boucherie et Volaille', 'Boucherie', 'Bœuf']",Charal,True,False,false,2.0,WEEK,300g,[],https://courses.monoprix.fr/images-v3/0c44253f-c4a3-4340-9d37-d41e42b9d14a/292e2d81-08ca-42ba-9ebc-7b1ac7430343/300x300.jpg
Boucherie et Volaille,651371fd-98a9-4f5f-9c8f-b79bab424521,MPX_3622779,Loué Filet De Dinde En Tranche 310G,7.98,22.79,"['Boucherie et Volaille', 'Volaille', 'Dinde']",LOUE,True,False,false,5.0,DAY,350,[],https://courses.monoprix.fr/images-v3/0c44253f-c4a3-4340-9d37-d41e42b9d14a/517dab20-bc0e-4e48-a02e-827768a14f16/300x300.jpg
Boucherie et Volaille,e2c65666-f1fc-45f0-bbea-0b49a7353618,MPX_2335289,Charal Steack Haché Pur Bœuf XXL 180g,3.79,21.06,"['Boucherie et Volaille', 'Boucherie', 'Viandes hachées et farces']",Charal,True,False,false,3.0,DAY,180g,[],https://courses.monoprix.fr/images-v3/0c44253f-c4a3-4340-9d37-d41e42b9d14a/6cf5185e-d93b-447d-940a-1a581872cd76/300x300.jpg
Boucherie et Volaille,bd9d4e22-05af-4593-8147-adbb7dbd8705,MPX_4615680,Planted Kebab Végétal 160g,4.09,25.56,"['Charcuterie et Traiteur', 'Traiteur végétal', 'Traiteur végétal']",Planted,True,False,false,1.0,WEEK,160g,[],https://courses.monoprix.fr/images-v3/0c44253f-c4a3-4340-9d37-d41e42b9d14a/8a96d511-eda6-48e8-9b47-c705a7f51f21/300x300.jpg
Boucherie et Volaille,13591043-3d53-4a31-ab66-477ad0df95b2,MPX_3368114,Monoprix Gourmet Faux Filet 200G,6.4,31.99,"['Boucherie et Volaille', 'Boucherie', 'Boucherie à la coupe']",Monoprix Gourmet,True,False,false,1.0,WEEK,200,[],https://courses.monoprix.fr/images-v3/0c44253f-c4a3-4340-9d37-d41e42b9d14a/0bef523f-215e-477a-828e-8794646e6373/300x300.jpg
Boucherie et Volaille,18b8e233-d056-4fe6-87c5-c872e6857ef3,MPX_2006510,Le Gaulois Escalopes De Dinde 240G,5.04,20.99,"['Boucherie et Volaille', 'Volaille', 'Dinde']",LE GAULOIS,True,False,false,4.0,DAY,240,[],https://courses.monoprix.fr/images-v3/0c44253f-c4a3-4340-9d37-d41e42b9d14a/68a7b24f-3f3a-4522-bc48-ade0c1834f9f/300x300.jpg
Boucherie et Volaille,4a8805c1-d8da-44a1-b141-108d4607d337,MPX_2189606,Monoprix Bio Pavé sans Os Filet Porc 200g,4.43,19.69,"['Bio', 'Boucherie et Volaille bio', 'Boucherie bio']",Monoprix Bio,True,False,false,2.0,DAY,225,[],https://courses.monoprix.fr/images-v3/0c44253f-c4a3-4340-9d37-d41e42b9d14a/91deb721-6043-4b6a-8691-0e2190058666/300x300.jpg
Boucherie et Volaille,04c836a1-72c6-48ae-a74e-7935921340ba,MPX_2947886,Le Gaulois escalopes cordon bleu Extra Croustillant x2,2.89,14.45,"['Boucherie et Volaille', 'Volaille', 'Cordons bleus, nuggets et grignottes']",LE GAULOIS,True,False,false,1.0,WEEK,200g,[],https://courses.monoprix.fr/images-v3/0c44253f-c4a3-4340-9d37-d41e42b9d14a/4b58e12f-a463-4360-8480-605e1bb7a674/300x300.jpg
Boucherie et Volaille,eea5599b-2f9e-4167-b879-b87e2d1e5fb6,MPX_965418,Tendriade Osso Bucco Veau,6.97,24.9,"['Boucherie et Volaille', 'Boucherie', 'Veau et Agneau']",LES ELEVEURS DE CHEZ NOUS,True,False,false,3.0,DAY,280,[],https://courses.monoprix.fr/images-v3/0c44253f-c4a3-4340-9d37-d41e42b9d14a/80f52102-61c1-46fa-bb5b-caa48b46f693/300x300.jpg
Boucherie et Volaille,8c015397-43fb-46c0-a3d4-96e6846194f1,MPX_3989016,Maitre Coq Cordon bleu de poulet x10 pièces 1kg,7.99,7.99,"['Boucherie et Volaille', 'Volaille', 'Cordons bleus, nuggets et grignottes']",Maître Coq,True,False,false,1.0,WEEK,1kg,[],https://courses.monoprix.fr/images-v3/0c44253f-c4a3-4340-9d37-d41e42b9d14a/5497f492-83a3-49e1-a58e-70ba1135c6e1/300x300.jpg
Boucherie et Volaille,7d36e049-64c2-4312-a603-0722db27f47b,MPX_2947756,Vegan Deli Cordon Bleu Végétalien 200g,4.19,20.95,"['Bio', 'Boucherie et Volaille bio', 'Volaille bio']",Vegan Deli,True,False,false,2.0,WEEK,200g,"['Produit végétarien', 'Produit halal', 'Produit vegan']",https://courses.monoprix.fr/images-v3/0c44253f-c4a3-4340-9d37-d41e42b9d14a/c2f0b290-8407-4786-82b2-060d85880523/300x300.jpg
Boucherie et Volaille,94c4f017-2f21-4857-b185-dae610c3f667,MPX_1031025,Monoprix Bio Côte de porc Echine x2 260g,5.61,18.69,"['Bio', 'Boucherie et Volaille bio', 'Boucherie bio']",Monoprix Bio,True,False,false,4.0,DAY,300,['Produit bio'],https://courses.monoprix.fr/images-v3/0c44253f-c4a3-4340-9d37-d41e42b9d14a/a7ff70bc-b3f0-400e-a008-7c40896f4ba7/300x300.jpg
Boucherie et Volaille,cf7c1bec-b24e-417d-8aba-568bda420d21,MPX_3368179,Monoprix Gourmet Steak Tranché X2 140G,6.05,21.99,"['Boucherie et Volaille', 'Boucherie', 'Boucherie à la coupe']",Monoprix Gourmet,True,False,false,1.0,WEEK,275,[],https://courses.monoprix.fr/images-v3/0c44253f-c4a3-4340-9d37-d41e42b9d14a/80d72263-751f-4c3b-a6d4-b610a057e3b3/300x300.jpg
Boucherie et Volaille,378eb56c-993a-414a-96ef-416db6fa33df,MPX_3550343,Monoprix Filets Rôties de Poulet x2 250g,5.47,21.89,"['Boucherie et Volaille', 'Volaille', 'Poulet']",Monoprix,True,False,false,2.0,WEEK,250,[],https://courses.monoprix.fr/images-v3/0c44253f-c4a3-4340-9d37-d41e42b9d14a/1a294a15-5cc1-4488-87da-641245aba33b/300x300.jpg
Boucherie et Volaille,30408d0c-89ea-4f81-a380-625fdeeb7a8f,MPX_2035605,Reghalal Filets de Poulet 450g,6.93,15.39,"['Boucherie et Volaille', 'Volaille', 'Poulet']",REGHALAL,True,False,false,4.0,DAY,450,[],https://courses.monoprix.fr/images-v3/0c44253f-c4a3-4340-9d37-d41e42b9d14a/03c437bf-9ee8-4018-8932-e051ad23c523/300x300.jpg
Boucherie et Volaille,76ffd508-0660-4be2-810f-c0a9459dbf7f,MPX_2961421,Fantou UVCI Bourguignon 400g,8.76,21.9,"['Boucherie et Volaille', 'Boucherie', 'Bœuf']",Fantou,True,False,false,3.0,DAY,400,[],https://courses.monoprix.fr/images-v3/0c44253f-c4a3-4340-9d37-d41e42b9d14a/f6cdc08e-5238-443d-a84f-17d805d9a651/300x300.jpg
Boucherie et Volaille,e326403c-6353-4bf1-ae82-d6351a2a7328,MPX_3070137,Pere Dodu Filet De Poulet Jaune 150G,3.39,22.6,"['Boucherie et Volaille', 'Volaille', 'Poulet']",La Nouvelle Agriculture,True,False,false,5.0,DAY,150g,[],https://courses.monoprix.fr/images-v3/0c44253f-c4a3-4340-9d37-d41e42b9d14a/198fe490-8c82-4744-a42a-0d0cc7574046/300x300.jpg
Boucherie et Volaille,2228d3df-3ad5-46bc-96f6-c1c2ece8025e,MPX_1031014,Monoprix Bio Noix Escalope de veau 150g,5.43,38.79,"['Bio', 'Boucherie et Volaille bio', 'Boucherie bio']",Monoprix Bio,True,False,false,6.0,DAY,140,[],https://courses.monoprix.fr/images-v3/0c44253f-c4a3-4340-9d37-d41e42b9d14a/6e4936f1-147f-4cb6-b240-a58437d4798d/300x300.jpg
Boucherie et Volaille,7c48a4a3-6127-4276-8969-1f272b32b15a,MPX_3368124,Monoprix Gourmet Côtes D'agneau 2x100g,6.08,31.99,"['Boucherie et Volaille', 'Boucherie', 'Boucherie à la coupe']",Monoprix Gourmet,True,False,false,1.0,WEEK,190,[],https://courses.monoprix.fr/images-v3/0c44253f-c4a3-4340-9d37-d41e42b9d14a/e620032a-44ae-4857-ab52-30b7e3f3806d/300x300.jpg
Boucherie et Volaille,8ebc9722-e0c5-406c-b478-d3ea69bab211,MPX_1046169,Monoprix Bio Filet Mignon Porc 350G,11.91,25.89,"['Bio', 'Boucherie et Volaille bio', 'Boucherie bio']",Monoprix Bio,True,False,false,4.0,DAY,460,[],https://courses.monoprix.fr/images-v3/0c44253f-c4a3-4340-9d37-d41e42b9d14a/10dfa41f-c558-434a-9eda-803639ce7a24/300x300.jpg
Boucherie et Volaille,b217a4b4-4f2a-4e47-8b3c-7197ba12fdd8,MPX_501909,Monoprix Bio Bavette d'Aloyau de Bœuf 150g,5.37,38.39,"['Bio', 'Boucherie et Volaille bio', 'Boucherie bio']",Monoprix Bio,True,False,false,6.0,DAY,140,[],https://courses.monoprix.fr/images-v3/0c44253f-c4a3-4340-9d37-d41e42b9d14a/b7950a64-0426-4c16-9d66-dd376eb4a05b/300x300.jpg
Boucherie et Volaille,9455eda5-4344-4c07-8f6f-ad7bb9b90795,MPX_3417810,Le Gaulois Pané Milanaise Nature 2x100g,2.99,14.95,"['Boucherie et Volaille', 'Volaille', 'Cordons bleus, nuggets et grignottes']",LE GAULOIS,True,False,false,1.0,WEEK,200g,[],https://courses.monoprix.fr/images-v3/0c44253f-c4a3-4340-9d37-d41e42b9d14a/240d2fad-6c91-4a73-9910-6d5ec6ca7d09/300x300.jpg
Boucherie et Volaille,ba59918d-1f5b-4fe8-aa77-43f9f58e171f,MPX_3682525,Monoprix Cuisse de Dinde x1 800g,4.95,6.19,"['Boucherie et Volaille', 'Volaille', 'Dinde']",Monoprix,True,False,false,4.0,DAY,800,[],https://courses.monoprix.fr/images-v3/0c44253f-c4a3-4340-9d37-d41e42b9d14a/45c40019-9812-45bb-b345-eaafdb3e8a54/300x300.jpg
Boucherie et Volaille,94b3742f-2b2a-464b-a6f1-0e5f37c45284,MPX_3406330,Monoprix Gourmet Darfresh Osso Bucco de Veau 200g,4.0,19.99,"['Boucherie et Volaille', 'Boucherie', 'Boucherie à la coupe']",Monoprix Gourmet,True,False,false,1.0,WEEK,200,[],https://courses.monoprix.fr/images-v3/0c44253f-c4a3-4340-9d37-d41e42b9d14a/b40bf7d6-27be-4b77-8178-1b19f14a6057/300x300.jpg
Boucherie et Volaille,609bc330-cb7a-4cc8-9e49-51339fd2399c,MPX_2205072,Monoprix Foies De Poulet,2.31,6.59,"['Boucherie et Volaille', 'Volaille', 'Foies et gésiers']",Monoprix,True,False,false,2.0,DAY,350,[],https://courses.monoprix.fr/images-v3/0c44253f-c4a3-4340-9d37-d41e42b9d14a/3f33e4fc-86b1-4339-b71e-641843d94b4d/300x300.jpg
Boucherie et Volaille,2e0128f0-5be3-4285-9390-9cbecfa30200,MPX_3536985,Le Gaulois Filet Découpes De Dinde 6x,5.83,24.29,"['Boucherie et Volaille', 'Volaille', 'Dinde']",LE GAULOIS,True,False,false,4.0,DAY,240,[],https://courses.monoprix.fr/images-v3/0c44253f-c4a3-4340-9d37-d41e42b9d14a/89251547-53ee-40c7-83b2-55b5afa76194/300x300.jpg
Boucherie et Volaille,6f26b426-9d98-4a5b-834a-6927314a99b8,MPX_2090774,Bigard Carpaccio De Boeuf Olive Basilic 190G,5.39,28.37,"['Boucherie et Volaille', 'Boucherie', 'Bœuf']",Bigard,True,False,false,2.0,DAY,190g,[],https://courses.monoprix.fr/images-v3/0c44253f-c4a3-4340-9d37-d41e42b9d14a/957c4393-fc9f-4cb0-91bd-e5b9784ecd0e/300x300.jpg
Boucherie et Volaille,f6af5f73-8c9e-42e0-885c-6793b249d0a6,MPX_2202637,Charal Biftecks Tendres Et Savoureux En Petites Portions,4.53,28.29,"['Boucherie et Volaille', 'Boucherie', 'Bœuf']",Charal,True,False,false,6.0,DAY,160,[],https://courses.monoprix.fr/images-v3/0c44253f-c4a3-4340-9d37-d41e42b9d14a/ed876116-feb1-4207-9394-a6254728520f/300x300.jpg
Boucherie et Volaille,d145e2d7-aebe-48c0-a68c-071d8cb62697,MPX_3822858,Bio La Viande Bavette x1 130g,6.59,50.69,"['Bio', 'Boucherie et Volaille bio', 'Boucherie bio']",Comptoir des Viandes Bio,True,False,false,1.0,WEEK,130g,[],https://courses.monoprix.fr/images-v3/0c44253f-c4a3-4340-9d37-d41e42b9d14a/55c13e69-d6fc-4096-800a-c3eed058a934/300x300.jpg
Boucherie et Volaille,b7488137-ea14-42e2-b835-2d777448cde0,MPX_3956999,Céréal Bio Tofu Soyeux 400g,3.19,7.98,"['Régimes alimentaires', 'Végétal', 'Protéine végétale']",Céréal Bio Frais,True,False,false,2.0,WEEK,400g,"['Produit végétarien', 'Produit bio']",https://courses.monoprix.fr/images-v3/0c44253f-c4a3-4340-9d37-d41e42b9d14a/a8bee462-43b9-48ad-801c-36da7941568a/300x300.jpg
Boucherie et Volaille,34d3dfbd-55c4-4bff-bb46-0fbe6eaca827,MPX_3859626,Garden Gourmet Nuggets Soja et Blé 200g,3.49,17.45,"['Boucherie et Volaille', 'Protéines végétales']",GARDEN GOURMET,True,False,false,1.0,WEEK,200g,"['Produit végétarien', 'Produit vegan']",https://courses.monoprix.fr/images-v3/0c44253f-c4a3-4340-9d37-d41e42b9d14a/1aa59ef7-dd75-458e-8cfe-007e01f24eff/300x300.jpg
Boucherie et Volaille,89369047-9ef3-4932-81ea-b04332f614aa,MPX_1045399,Monoprix Bioo Tranche Gigot Agneau 190 g,6.52,34.29,"['Bio', 'Boucherie et Volaille bio', 'Boucherie bio']",Monoprix Bio,True,False,false,4.0,DAY,190,[],https://courses.monoprix.fr/images-v3/0c44253f-c4a3-4340-9d37-d41e42b9d14a/cb68368f-1f4d-4b26-8078-6c96387a85e1/300x300.jpg
Boucherie et Volaille,54698ae3-8d51-4f0c-b569-23e797109a62,MPX_175352,"Charal Faux Filets, Tendre Et Savoureux",9.69,30.29,"['Boucherie et Volaille', 'Boucherie', 'Bœuf']",Charal,True,False,false,1.0,WEEK,320,[],https://courses.monoprix.fr/images-v3/0c44253f-c4a3-4340-9d37-d41e42b9d14a/85d2aefb-23cb-4845-be6c-576eadb9f11e/300x300.jpg
Boucherie et Volaille,2fde6b6e-e740-4969-adab-92b0783e5e60,MPX_2961402,Fantou UVCI Tournedos Filet de Boeuf 150g,6.59,54.9,"['Boucherie et Volaille', 'Boucherie', 'Bœuf']",Fantou,True,False,false,3.0,DAY,120,[],https://courses.monoprix.fr/images-v3/0c44253f-c4a3-4340-9d37-d41e42b9d14a/9bcb5da0-ac6b-4b25-a1f3-c24de40ecec6/300x300.jpg
Boucherie et Volaille,d98a45c3-9e5f-4d29-80ee-bf9d3c982dd7,MPX_3550344,Monoprix Cuisses Rôties de Poulet x2 380g,5.56,13.89,"['Boucherie et Volaille', 'Volaille', 'Poulet']",Monoprix,True,False,false,2.0,WEEK,400,[],https://courses.monoprix.fr/images-v3/0c44253f-c4a3-4340-9d37-d41e42b9d14a/f264be1f-2e83-4cef-bf53-987b24c0cec5/300x300.jpg
Boucherie et Volaille,fd948629-e5d8-46a2-9108-bef460cf0aa4,MPX_4200353,Monoprix Bio Origines Bifteck Flow 140g,3.89,27.79,"['Bio', 'Boucherie et Volaille bio', 'Boucherie bio']",Monoprix Bio Origines,True,False,false,6.0,DAY,140g,['Produit bio'],https://courses.monoprix.fr/images-v3/0c44253f-c4a3-4340-9d37-d41e42b9d14a/9b32e055-befd-4286-bc8e-92ea45bad011/300x300.jpg
Boucherie et Volaille,fb73b187-18e2-42fd-88a9-2d93633c18b6,MPX_3562853,Monoprix Emincés De Filet De Poulet Rôti Aux 5 Baies,3.09,20.6,"['Boucherie et Volaille', 'Volaille', 'Poulet']",Monoprix,True,False,false,1.0,WEEK,150g,[],https://courses.monoprix.fr/images-v3/0c44253f-c4a3-4340-9d37-d41e42b9d14a/fc540c7a-b6a1-405d-bc16-c23e5b35f3ae/300x300.jpg
Boucherie et Volaille,18b1c721-8ca7-41a9-8dc8-2652d236ed7a,MPX_3183636,Charcuterie Rey Saucisse de Toulouse Bio Artisanale 350g,6.09,17.4,"['Bio', 'Boucherie et Volaille bio', 'Boucherie bio']",Charcuterie du Quercy,True,False,false,3.0,DAY,350g,[],https://courses.monoprix.fr/images-v3/0c44253f-c4a3-4340-9d37-d41e42b9d14a/ff23bf06-b696-4aad-8a72-9d6bfd28514f/300x300.jpg
Boucherie et Volaille,aa72bc0a-566c-4182-9d4e-162442063189,MPX_501902,Monoprix Bio Entrecote de Boeuf x1 226g,7.39,33.59,"['Bio', 'Boucherie et Volaille bio', 'Boucherie bio']",Monoprix Bio,True,False,false,6.0,DAY,220,['Produit bio'],https://courses.monoprix.fr/images-v3/0c44253f-c4a3-4340-9d37-d41e42b9d14a/096713aa-4588-444f-88e3-e794c4cd091c/300x300.jpg
Boucherie et Volaille,503091f9-6db7-4308-90f1-bc895cb7cb03,MPX_3953532,Boeuf Bourguignon 600g,8.69,14.48,"['Boucherie et Volaille', 'Boucherie', 'Bœuf']",SOCOPA,True,False,false,3.0,DAY,600g,[],https://courses.monoprix.fr/images-v3/0c44253f-c4a3-4340-9d37-d41e42b9d14a/2d1d0208-9c52-470a-b888-87f64406b561/300x300.jpg
Boucherie et Volaille,f4c0e795-e817-4220-bd85-12a97685f0cd,MPX_3367992,Monoprix Gourmet Rôti de boeuf tranché 400g,8.8,21.99,"['Boucherie et Volaille', 'Boucherie', 'Boucherie à la coupe']",Monoprix Gourmet,True,False,false,1.0,WEEK,400,[],https://courses.monoprix.fr/images-v3/0c44253f-c4a3-4340-9d37-d41e42b9d14a/c6f5c66a-1740-477c-9cc9-348047338256/300x300.jpg
Boucherie et Volaille,69a41ee9-7a44-4468-9338-1013c0187370,MPX_6666866,Socopa Saucisse d'Echine Coupé aux Couteaux 4x70g,4.49,16.04,"['Boucherie et Volaille', 'Boucherie', 'Saucisses et Merguez']",Socopa,True,False,false,3.0,DAY,280g,[],https://courses.monoprix.fr/images-v3/0c44253f-c4a3-4340-9d37-d41e42b9d14a/1b3e277d-23b7-41cd-8aaf-8e3914bca6af/300x300.jpg
Boucherie et Volaille,180ccca5-4bee-43d9-82c1-cb65b0e4b182,MPX_2713931,Père Dodu Crousti Tenders Aiguillettes 380g,6.29,16.55,"['Boucherie et Volaille', 'Volaille', 'Cordons bleus, nuggets et grignottes']",Père Dodu,True,False,false,1.0,WEEK,380g,[],https://courses.monoprix.fr/images-v3/0c44253f-c4a3-4340-9d37-d41e42b9d14a/bc84272e-4cfd-4454-996f-fe9327901644/300x300.jpg
Boucherie et Volaille,e9135da4-ee30-40cd-92fe-756a1599198e,MPX_3988965,Maître Coq Nuggets De Poulet 1Kg,7.49,7.49,"['Boucherie et Volaille', 'Volaille', 'Cordons bleus, nuggets et grignottes']",Maître CoQ,True,False,false,4.0,DAY,1kg,[],https://courses.monoprix.fr/images-v3/0c44253f-c4a3-4340-9d37-d41e42b9d14a/96dfabdd-4cd2-4690-bb37-cab397dccdbb/300x300.jpg
Boucherie et Volaille,5c71d589-0a6f-43fe-8e7a-566935fa3fde,MPX_2961365,Fantou Uvci Côte de Porc x2 320g,4.32,13.5,"['Boucherie et Volaille', 'Boucherie', 'Porc']",Fantou,True,False,false,3.0,DAY,320,[],https://courses.monoprix.fr/images-v3/0c44253f-c4a3-4340-9d37-d41e42b9d14a/3f6c355e-22f6-44c1-8548-2c2d455a4113/300x300.jpg
Boucherie et Volaille,77d6465e-da85-4610-a31f-631c1d1aff86,MPX_2961409,Fantou UVCI Bavette Aloyau 150g,5.99,39.9,"['Boucherie et Volaille', 'Boucherie', 'Bœuf']",Fantou,True,False,false,3.0,DAY,150,[],https://courses.monoprix.fr/images-v3/0c44253f-c4a3-4340-9d37-d41e42b9d14a/21942a12-6846-4afb-bb92-642b4f991224/300x300.jpg
Boucherie et Volaille,c7e8a415-d42f-4c71-9ff7-c890816ae76f,MPX_3512693,L'enclos du bio aiguillette 200g,12.1,60.49,"['Bio', 'Boucherie et Volaille bio', 'Volaille bio']",L'ENCLOS DU BIO,True,False,false,1.0,WEEK,200,['Produit bio'],https://courses.monoprix.fr/images-v3/0c44253f-c4a3-4340-9d37-d41e42b9d14a/9db75b15-6e9f-4862-85f5-16991709c88f/300x300.jpg
Boucherie et Volaille,5472e63a-12f3-427c-9b79-dcced6445bc1,MPX_3368221,Monoprix Gourmet Côte D'Agneau 300g,9.9,32.99,"['Boucherie et Volaille', 'Boucherie', 'Boucherie à la coupe']",Monoprix Gourmet,True,False,false,1.0,WEEK,300,[],https://courses.monoprix.fr/images-v3/0c44253f-c4a3-4340-9d37-d41e42b9d14a/19581f0e-c965-48a9-a3a1-559caa1ae49f/300x300.jpg
Boucherie et Volaille,2ae7aa51-4de1-4bd7-a483-2cee843dabf4,MPX_2824248,Le Gaulois Panés Milanaise Au Parmesan x2 200g,2.99,14.95,"['Boucherie et Volaille', 'Volaille', 'Cordons bleus, nuggets et grignottes']",LE GAULOIS,True,False,false,1.0,WEEK,200g,[],https://courses.monoprix.fr/images-v3/0c44253f-c4a3-4340-9d37-d41e42b9d14a/0230f7a3-5acf-4bb9-8c6f-8806cbaf008f/300x300.jpg
Boucherie et Volaille,df537986-b8c2-4286-8da9-8c703cc3d3f8,MPX_2533660,Socopa Uvci Les Petits Plats Du Bistrot Foie De Boeuf X1 140G,1.34,9.59,"['Boucherie et Volaille', 'Boucherie', 'Bœuf']",NoBrand,True,False,false,2.0,DAY,140,[],https://courses.monoprix.fr/images-v3/0c44253f-c4a3-4340-9d37-d41e42b9d14a/7c0ee2c3-aa65-44a8-99d3-78f7a9aff890/300x300.jpg
Boucherie et Volaille,b0e022df-bb74-4adb-bb86-3998fb8b88c1,MPX_2259321,Porc De Montagne Cote Carre X2 Pm,4.48,13.99,"['Boucherie et Volaille', 'Boucherie', 'Porc']",Porc de Montagne,True,False,false,4.0,DAY,320,[],https://courses.monoprix.fr/images-v3/0c44253f-c4a3-4340-9d37-d41e42b9d14a/d3a48fce-4559-4108-8034-be98d150c4ce/300x300.jpg
Boucherie et Volaille,a69b3443-3949-434d-911f-d6f85ee68198,MPX_3670739,Gamme Neutre Eminces Blanc De Dinde 360G,5.29,14.69,"['Boucherie et Volaille', 'Volaille', 'Dinde']",Premier Prix,True,False,false,4.0,DAY,360g,[],https://courses.monoprix.fr/images-v3/0c44253f-c4a3-4340-9d37-d41e42b9d14a/539f5059-5f46-411c-a505-eeb1f37c227c/300x300.jpg
Boucherie et Volaille,5e55c278-9a3e-4d08-b183-8f4b455c9bc5,MPX_3622924,Charal Faux-Filet Haché 2 X 130G,6.09,23.42,"['Boucherie et Volaille', 'Boucherie', 'Viandes hachées et farces']",Charal,True,False,false,3.0,DAY,260g,[],https://courses.monoprix.fr/images-v3/0c44253f-c4a3-4340-9d37-d41e42b9d14a/6f93caef-b0a0-487a-90cc-7efe6caa6cd2/300x300.jpg
Boucherie et Volaille,a007300e-f3f0-491c-9acd-9abd7448f052,MPX_1031030,Monoprix Bio Rôti de porc 700g,13.74,18.69,"['Bio', 'Boucherie et Volaille bio', 'Boucherie bio']",Monoprix Bio,True,False,false,2.0,DAY,735,[],https://courses.monoprix.fr/images-v3/0c44253f-c4a3-4340-9d37-d41e42b9d14a/8cd9c5ac-08fe-4798-a408-7700c03878cd/300x300.jpg
Boucherie et Volaille,d0f921b9-3b7c-42ba-893f-14d5a76bcf92,MPX_4122606,Premier Prix Steak haché 20% x2 250g,3.25,13.0,"['Boucherie et Volaille', 'Boucherie', 'Viandes hachées et farces']",Premier Prix,True,False,false,2.0,DAY,250g,[],https://courses.monoprix.fr/images-v3/0c44253f-c4a3-4340-9d37-d41e42b9d14a/4e8e6904-afb0-433d-a406-5438b4f5604f/300x300.jpg
Boucherie et Volaille,6a77b1cb-b02a-4b3b-8c94-be69a7f94f03,MPX_3859630,"Garden Gourmet Le Gourmand Soja, Poivre et Persil 160g",3.99,24.94,"['Boucherie et Volaille', 'Protéines végétales']",GARDEN GOURMET,True,False,false,1.0,WEEK,160g,['Produit végétarien'],https://courses.monoprix.fr/images-v3/0c44253f-c4a3-4340-9d37-d41e42b9d14a/77e2a425-3649-498f-aa28-938e39f841b5/300x300.jpg
Boucherie et Volaille,3e3a1bda-7405-4d2d-975d-f8582ca79a42,MPX_1036776,Le Gaulois Saucisses De Volaille X6 300G,4.29,14.3,"['Boucherie et Volaille', 'Boucherie', 'Saucisses et Merguez']",LE GAULOIS,True,False,false,4.0,DAY,300g,[],https://courses.monoprix.fr/images-v3/0c44253f-c4a3-4340-9d37-d41e42b9d14a/434a4665-d75d-41d3-a147-cabaf57f4ad2/300x300.jpg
Boucherie et Volaille,24ce7459-88e9-46a3-8472-af00e1707586,MPX_3512402,Maître Coqwings Party Barbecue 400G,5.49,13.73,"['Boucherie et Volaille', 'Volaille', 'Cordons bleus, nuggets et grignottes']",Maitre coq,True,False,false,1.0,WEEK,400g,[],https://courses.monoprix.fr/images-v3/0c44253f-c4a3-4340-9d37-d41e42b9d14a/55fdb6bd-c690-4c1b-bf50-ad1116136e51/300x300.jpg
Boucherie et Volaille,f15e8604-d882-4973-be8e-e55d9486af4d,MPX_3778703,Plein Champs Cuisse De Poulet Jaune X2 500G,6.32,10.99,"['Boucherie et Volaille', 'Volaille', 'Poulet']",LE PETIT MARCHE DE LOUE,True,False,false,4.0,DAY,575,[],https://courses.monoprix.fr/images-v3/0c44253f-c4a3-4340-9d37-d41e42b9d14a/088ebe35-29ec-422f-bcde-a70656ed233f/300x300.jpg
Boucherie et Volaille,03f7a572-b6ae-456d-96c3-e1f3f4d0ed0a,MPX_2751381,Monoprix Aiguillettes de Poulet Nature 250g,3.89,15.56,"['Boucherie et Volaille', 'Volaille', 'Poulet']",Monoprix,True,False,false,6.0,DAY,250g,[],https://courses.monoprix.fr/images-v3/0c44253f-c4a3-4340-9d37-d41e42b9d14a/13514acb-9d17-482f-b9bd-3494ff335435/300x300.jpg
Boucherie et Volaille,852be67c-e388-487a-8ed4-596c431a1aec,MPX_1397951,Fermiers De Loué Cuisse De Poulet Fermier Jaune 480G,6.69,13.94,"['Boucherie et Volaille', 'Volaille', 'Poulet']",Loué,True,False,false,4.0,DAY,480g,[],https://courses.monoprix.fr/images-v3/0c44253f-c4a3-4340-9d37-d41e42b9d14a/e3eff1fa-17f3-4416-81a2-737497a86a9f/300x300.jpg
Boucherie et Volaille,5af419d3-b4d2-42ee-96e8-f92a0514bfee,MPX_2246486,Socopa Merguez Forte Marocaine X 6,4.79,14.52,"['Nos sélections', 'Inspiration du moment', '& Barbecue', 'Boucherie et Volaille']",MARQUE NATIONALE,True,False,false,3.0,DAY,330g,[],https://courses.monoprix.fr/images-v3/0c44253f-c4a3-4340-9d37-d41e42b9d14a/fe677cdf-bd1b-45aa-921c-8dbf229556dc/300x300.jpg
Boucherie et Volaille,f278a70d-a2c2-4040-9ab7-b7ef264b775a,MPX_2961368,Fantou Uvci Echine de Porc x2 360g,5.0,13.9,"['Boucherie et Volaille', 'Boucherie', 'Porc']",Fantou,True,False,false,3.0,DAY,360,[],https://courses.monoprix.fr/images-v3/0c44253f-c4a3-4340-9d37-d41e42b9d14a/70e4c5da-0a48-42f2-ad78-d14e13583b2a/300x300.jpg
Boucherie et Volaille,9e7bfcf6-39ff-488a-9839-39d5b750766d,MPX_2961390,Fantou UVCI Côte de Veau 160g,5.1,31.9,"['Boucherie et Volaille', 'Boucherie', 'Veau et Agneau']",Fantou,True,False,false,3.0,DAY,160,[],https://courses.monoprix.fr/images-v3/0c44253f-c4a3-4340-9d37-d41e42b9d14a/86422e22-e355-4d8b-b256-86491fe4227d/300x300.jpg
Boucherie et Volaille,2f8ad3e9-cbae-4219-978b-809c67152e63,MPX_182367,Loeul Et Piriot Le Malicieux Foie De Lapin 275g,6.45,21.49,"['Boucherie et Volaille', 'Volaille', 'Lapin']",Loeul et Piriot,True,False,false,3.0,DAY,300,[],https://courses.monoprix.fr/images-v3/0c44253f-c4a3-4340-9d37-d41e42b9d14a/3b31a1e5-a35d-458b-b8fa-85170383011e/300x300.jpg
Boucherie et Volaille,53787aaa-ee38-461b-b166-a387a34c9fa7,MPX_2811064,Monoprix Bio Merguez 300g,4.99,16.63,"['Bio', 'Boucherie et Volaille bio', 'Boucherie bio']",Monoprix Bio,True,False,false,3.0,DAY,300g,['Produit bio'],https://courses.monoprix.fr/images-v3/0c44253f-c4a3-4340-9d37-d41e42b9d14a/288e48a0-7045-4a47-a54d-3fb77131c02e/300x300.jpg
Boucherie et Volaille,52528d1a-7192-4b51-8ed3-a5c72a22f4a2,MPX_4200881,Monoprix Bio Origines Steack Haché 15% Flow x2 250g,5.19,20.76,"['Bio', 'Boucherie et Volaille bio', 'Boucherie bio']",Monoprix Bio Origines,True,False,false,3.0,DAY,2 x 125g,[],https://courses.monoprix.fr/images-v3/0c44253f-c4a3-4340-9d37-d41e42b9d14a/4097cb53-1b76-4138-bd98-e384ea1aac8c/300x300.jpg
Boucherie et Volaille,8f711ed6-1b1b-4d72-ad51-3031795f39ff,MPX_2738548,Monoprix aiguillettes de dinde x2 - 300g,5.22,17.39,"['Boucherie et Volaille', 'Volaille', 'Dinde']",Monoprix,True,False,false,4.0,DAY,300,[],https://courses.monoprix.fr/images-v3/0c44253f-c4a3-4340-9d37-d41e42b9d14a/a7d29563-3147-40a1-b966-3fd190e06b65/300x300.jpg
Boucherie et Volaille,d1e96a6e-0b5c-43d5-9134-b4f7ee3b0a0d,MPX_2822731,Grand Caractère Onglet de Bœuf Black Angus 160g,7.9,49.4,"['Boucherie et Volaille', 'Boucherie', 'Boucherie à la coupe']",Grand Caractère,True,False,false,6.0,DAY,160,[],https://courses.monoprix.fr/images-v3/0c44253f-c4a3-4340-9d37-d41e42b9d14a/03f9c1a7-c651-40c8-b829-ac944246bade/300x300.jpg
Boucherie et Volaille,5869e2a5-c795-430e-b84e-0cdb559030db,MPX_1398709,"Le Croquant Poulet Fermier Du Périgord 1,7kg",16.19,10.79,"['Boucherie et Volaille', 'Volaille', 'Poulet']",I.G.P. Périgord,True,False,false,2.0,DAY,1.5,[],https://courses.monoprix.fr/images-v3/0c44253f-c4a3-4340-9d37-d41e42b9d14a/24a36dca-5cf7-4d62-a456-4c3fc9733ac2/300x300.jpg
Boucherie et Volaille,638484d4-0935-46c7-8505-14154c12c0b0,MPX_2625605,Nature de France Cordon Bleu de Poulet Bio 2*100g,5.89,58.9,"['Bio', 'Boucherie et Volaille bio', 'Volaille bio']",Nature de france,True,False,false,1.0,WEEK,100g,['Produit bio'],https://courses.monoprix.fr/images-v3/0c44253f-c4a3-4340-9d37-d41e42b9d14a/70c329bb-9ac2-40ce-a2e8-11f5eef02c4a/300x300.jpg
Boucherie et Volaille,f3e4c722-8106-48fd-aacb-75137835c90e,MPX_2738547,Monoprix Cuisses De Poulet X2 550g,2.66,7.39,"['Boucherie et Volaille', 'Volaille', 'Poulet']",Monoprix,True,False,false,4.0,DAY,360,[],https://courses.monoprix.fr/images-v3/0c44253f-c4a3-4340-9d37-d41e42b9d14a/962da944-fea6-4716-9cfe-171c38b4325c/300x300.jpg
Boucherie et Volaille,a6549c7c-fed0-4e4d-96b3-616a28c09b86,MPX_2738554,Monoprix Hauts De Cuisse De Poulet X4 - 550g,4.72,8.59,"['Boucherie et Volaille', 'Volaille', 'Poulet']",Monoprix,True,False,false,4.0,DAY,550,[],https://courses.monoprix.fr/images-v3/0c44253f-c4a3-4340-9d37-d41e42b9d14a/0a207837-0ebc-4852-be24-6276bb1c24d1/300x300.jpg
Boucherie et Volaille,5541423c-075d-43bb-9116-8a41124429a7,MPX_1419911,Monoprix Gourmet Cuisses De Poulet Fermier Jaune Du Gers X2 600G,6.43,11.69,"['Boucherie et Volaille', 'Volaille', 'Poulet']",Monoprix Gourmet,True,False,false,3.0,DAY,550,[],https://courses.monoprix.fr/images-v3/0c44253f-c4a3-4340-9d37-d41e42b9d14a/d186e3b9-d44c-4cad-9303-c39f51513bc1/300x300.jpg
Boucherie et Volaille,c3613106-7d2c-45a2-b2ee-8238496370ce,MPX_3822597,Monoprix Cuisses De Poulet X4 1Kg,7.58,6.89,"['Boucherie et Volaille', 'Volaille', 'Poulet']",Monoprix,True,False,false,4.0,DAY,1.1,[],https://courses.monoprix.fr/images-v3/0c44253f-c4a3-4340-9d37-d41e42b9d14a/01109aaa-c43c-465f-845e-a3585759bad4/300x300.jpg
Boucherie et Volaille,3da95dc7-add8-4679-ba40-7cb61a109d96,MPX_1963649,Le Gaulois Escalopes Cordon Bleu X4 400G,5.09,50.9,"['Boucherie et Volaille', 'Volaille', 'Cordons bleus, nuggets et grignottes']",LE GAULOIS,True,False,false,1.0,WEEK,100g,[],https://courses.monoprix.fr/images-v3/0c44253f-c4a3-4340-9d37-d41e42b9d14a/0e0221e5-d192-489b-a970-7b982f92b523/300x300.jpg
Boucherie et Volaille,72beec3b-642f-4981-9261-6ae76b236f6a,MPX_725669,Monoprix Bio steak haché 15% le paquet de 350g,6.49,18.54,"['Bio', 'Boucherie et Volaille bio', 'Boucherie bio']",Monoprix Bio,True,False,false,2.0,DAY,350g,['Produit bio'],https://courses.monoprix.fr/images-v3/0c44253f-c4a3-4340-9d37-d41e42b9d14a/fa29011c-dbca-41e8-83e6-31074d15ac71/300x300.jpg
Boucherie et Volaille,629e5843-87c3-42a0-a812-1edee5977d2d,MPX_1402875,Monoprix Manchons de poulet nature 250g,2.59,10.36,"['Boucherie et Volaille', 'Volaille', 'Poulet']",Monoprix,True,False,false,6.0,DAY,250g,[],https://courses.monoprix.fr/images-v3/0c44253f-c4a3-4340-9d37-d41e42b9d14a/dbae01bc-3aa9-4079-bef9-0f9a8ed348a6/300x300.jpg
Boucherie et Volaille,cf029334-049b-4554-bfc6-86039e3d2fd0,MPX_3500255,Premier Prix Filet De Poulet Blanc Certifié Sans Antibiotique 800G,11.0,13.75,"['Bio', 'Boucherie et Volaille bio', 'Volaille bio']",Premier Prix,True,False,false,4.0,DAY,800g,[],https://courses.monoprix.fr/images-v3/0c44253f-c4a3-4340-9d37-d41e42b9d14a/5cd7b041-1c3e-4e0b-8d3d-66a5e416691b/300x300.jpg
Boucherie et Volaille,b0e8812f-8efb-44ce-9f7c-9f79f9936399,MPX_1169891,Monoprix Cordons Bleus De Dinde X2 200G,1.79,8.95,"['Boucherie et Volaille', 'Volaille', 'Cordons bleus, nuggets et grignottes']",Monoprix,True,False,false,1.0,WEEK,200g,[],https://courses.monoprix.fr/images-v3/0c44253f-c4a3-4340-9d37-d41e42b9d14a/b569dbfc-c4f0-46bd-9339-af4781b4e223/300x300.jpg
Boucherie et Volaille,e18d91bc-dbb8-4055-8a03-81119ec0dd89,MPX_2483455,Socopa Cotes De Porc Echine 440g,4.35,9.89,"['Boucherie et Volaille', 'Boucherie', 'Porc']",Les Bons Morceaux,True,False,false,3.0,DAY,440,[],https://courses.monoprix.fr/images-v3/0c44253f-c4a3-4340-9d37-d41e42b9d14a/152a72ef-50f7-4d8d-aec1-e87e4ffdcee1/300x300.jpg
Boucherie et Volaille,e0299bc5-d678-4709-9288-6695c1a91928,MPX_2824229,Charal Steaks Hachés Pur Boeuf 280g,6.29,22.46,"['Boucherie et Volaille', 'Boucherie', 'Viandes hachées et farces']",Charal,True,False,false,3.0,DAY,280g,[],https://courses.monoprix.fr/images-v3/0c44253f-c4a3-4340-9d37-d41e42b9d14a/e21bfbcf-6b76-4f4f-b5a6-b8d33958762e/300x300.jpg
Boucherie et Volaille,069b583d-16a3-40ec-82e9-ac7ccbbded49,MPX_2625607,Nature de France Nuggets de volaille bio 200g,5.19,25.95,"['Bio', 'Boucherie et Volaille bio', 'Volaille bio']",Nature de france,True,False,false,1.0,WEEK,200g,['Produit bio'],https://courses.monoprix.fr/images-v3/0c44253f-c4a3-4340-9d37-d41e42b9d14a/0f5c9195-1990-46fb-ac0e-5c349689d731/300x300.jpg
Boucherie et Volaille,7afcd117-5c1c-4dc2-9819-9ab7254f0da6,MPX_5478640,La Vie Lardon Végétaux Fume 150 g,3.85,25.67,"['Régimes alimentaires', 'Végétal', 'Protéine végétale']",La vie,True,False,false,1.0,WEEK,150g,[],https://courses.monoprix.fr/images-v3/0c44253f-c4a3-4340-9d37-d41e42b9d14a/a3e27b86-776e-4603-8c40-26a65c58f65c/300x300.jpg
Boucherie et Volaille,4639bad7-9d64-460f-b5ff-b3e11f190c98,MPX_64332,Socopa Uvci Foie De Veau 130g,3.96,30.49,"['Boucherie et Volaille', 'Boucherie', 'Veau et Agneau']",NoBrand,True,False,false,2.0,DAY,130,[],https://courses.monoprix.fr/images-v3/0c44253f-c4a3-4340-9d37-d41e42b9d14a/79205f0e-540f-4ae6-9cc5-2fb51574b0c0/300x300.jpg
Boucherie et Volaille,bc72135a-0553-4f8e-8592-24a8b7ae89e9,MPX_3183638,Charal Haché X2 Façon Boucherie Bio 2 X,5.99,24.96,"['Bio', 'Boucherie et Volaille bio', 'Boucherie bio']",Charal,True,False,false,3.0,DAY,240g,['Produit bio'],https://courses.monoprix.fr/images-v3/0c44253f-c4a3-4340-9d37-d41e42b9d14a/d7da2e07-291a-47aa-861d-b8040f1bf6b0/300x300.jpg
Boucherie et Volaille,4ab4365d-8c18-4c30-a325-1bb4d13c5275,MPX_4263589,Garden Gourmet Escalope Soja & Blé 180G,3.69,20.5,"['Régimes alimentaires', 'Végétal', 'Protéine végétale']",Garden Gourmet,True,False,false,1.0,WEEK,180g,['Produit vegan'],https://courses.monoprix.fr/images-v3/0c44253f-c4a3-4340-9d37-d41e42b9d14a/80ce4608-0b35-4826-a52c-2f8758389d32/300x300.jpg
Boucherie et Volaille,3764c252-883f-4ea5-ad3e-3dea42ee014c,MPX_1346095,Charal Carpaccio Au Parmesan Et Son Huile D'Accompagnement 230G,6.69,29.09,"['Boucherie et Volaille', 'Boucherie', 'Bœuf']",Charal,True,False,false,4.0,DAY,230g,[],https://courses.monoprix.fr/images-v3/0c44253f-c4a3-4340-9d37-d41e42b9d14a/edbcc4d8-5e84-4a15-988c-1f29dbf3efb7/300x300.jpg
Boucherie et Volaille,53df31a0-1703-4c39-a586-691cf915c88c,MPX_162961,Monoprix Gourmet poulet fermier jaune du gers igp label rouge 1.5kg,13.47,9.29,"['Boucherie et Volaille', 'Volaille', 'Poulet']",Monoprix Gourmet,True,False,false,2.0,DAY,1.45,[],https://courses.monoprix.fr/images-v3/0c44253f-c4a3-4340-9d37-d41e42b9d14a/233949e2-5c0d-411f-8442-9b9673a9b16f/300x300.jpg
Boucherie et Volaille,8248cc70-1c19-4960-bb83-aa0bc9da438a,MPX_4218686,Monoprix Gourmet Confit de Cuisse Canard du Sud-Ouest 1x200g,5.39,26.95,"['Boucherie et Volaille', 'Volaille', 'Canard et caille']",Monoprix Gourmet,True,False,false,2.0,MONTH,200g,[],https://courses.monoprix.fr/images-v3/0c44253f-c4a3-4340-9d37-d41e42b9d14a/c853dc0f-e0b0-460d-9aba-8687709912b5/300x300.jpg
Boucherie et Volaille,308d94f1-7f78-48e3-a598-c7434465bddb,MPX_3789763,Le Gaulois Lg Cordon Bleu Poulet X4 400G,5.19,12.98,"['Boucherie et Volaille', 'Volaille', 'Cordons bleus, nuggets et grignottes']",Le Gaulois,True,False,false,1.0,WEEK,400g,[],https://courses.monoprix.fr/images-v3/0c44253f-c4a3-4340-9d37-d41e42b9d14a/d583e479-3280-4223-adb7-eebc0c5e82d0/300x300.jpg
Boucherie et Volaille,e1cc2a61-a9fa-4c14-8de3-6c2ff3a7b453,MPX_2005906,Le Gaulois Escalope De Dinde Tendre X2 280G,5.53,20.49,"['Boucherie et Volaille', 'Volaille', 'Dinde']",LE GAULOIS,True,False,false,5.0,DAY,270,[],https://courses.monoprix.fr/images-v3/0c44253f-c4a3-4340-9d37-d41e42b9d14a/432ba04c-816d-4fa0-ba37-83d711bc7502/300x300.jpg
Boucherie et Volaille,ccb35d28-334b-4482-a74b-7da39b1e2d92,MPX_576726,Monoprix Bio Origines Cuisses De Poulet Fermier Bio X2,8.96,16.29,"['Bio', 'Boucherie et Volaille bio', 'Volaille bio']",Monoprix Bio Origines,True,False,false,4.0,DAY,550,['Produit bio'],https://courses.monoprix.fr/images-v3/0c44253f-c4a3-4340-9d37-d41e42b9d14a/2c66c378-ec16-4076-8472-d053a34f55d5/300x300.jpg
Boucherie et Volaille,6c2cd6ab-cbec-4bd3-9998-2071b788b206,MPX_3010445,Monoprix Gourmet hauts de cuisse de poulet fermier blanc du gers label rouge x4 pièces 600g,8.33,13.89,"['Boucherie et Volaille', 'Volaille', 'Poulet']",Monoprix Gourmet,True,False,false,3.0,DAY,600,[],https://courses.monoprix.fr/images-v3/0c44253f-c4a3-4340-9d37-d41e42b9d14a/706236e6-a0d1-441f-9bba-d10f06cf91f4/300x300.jpg
Boucherie et Volaille,f86e8801-d8dd-4a5a-b2c1-dc75c9c62f51,MPX_3729170,Monoprix Chair A Saucisse Filiere,3.19,12.76,"['Nos sélections', 'Inspiration du moment', '& Barbecue', 'Boucherie et Volaille']",Monoprix,True,False,false,3.0,DAY,250g,[],https://courses.monoprix.fr/images-v3/0c44253f-c4a3-4340-9d37-d41e42b9d14a/9d0a2967-6a5d-49f4-8466-ec04d3c7a64a/300x300.jpg
Boucherie et Volaille,fe90e3c2-0213-4f0a-a69c-9a3033e04f56,MPX_1173595,Socopa Chipolatas,3.29,14.95,"['Boucherie et Volaille', 'Boucherie', 'Saucisses et Merguez']",Socopa,True,False,false,3.0,DAY,220g,[],https://courses.monoprix.fr/images-v3/0c44253f-c4a3-4340-9d37-d41e42b9d14a/ed7e58b6-666e-4f80-ad33-66b940b949db/300x300.jpg
Boucherie et Volaille,de16d41e-807d-4127-b61a-15245551cf96,MPX_1688212,Pierre Delpeyrat Magret De Canard Frais Origine France,9.07,25.9,"['Boucherie et Volaille', 'Volaille', 'Canard et caille']",Delpeyrat,True,False,false,5.0,DAY,350,[],https://courses.monoprix.fr/images-v3/0c44253f-c4a3-4340-9d37-d41e42b9d14a/fbb7ce67-7e6b-4cdb-8aca-35aae24c4ef7/300x300.jpg
Boucherie et Volaille,e7490ac6-641b-4fde-b20d-69fb6c5d7c9f,MPX_2245973,Tendriade Boulettes De Veau,5.89,16.36,"['Boucherie et Volaille', 'Boucherie', 'Veau et Agneau']",Tendriade,True,False,false,2.0,DAY,360g,[],https://courses.monoprix.fr/images-v3/0c44253f-c4a3-4340-9d37-d41e42b9d14a/2f2771df-85ed-43a4-8282-32db3ebade56/300x300.jpg
Boucherie et Volaille,4c6b0efe-0d1a-4dd0-ad5a-88174ac4ee81,MPX_1169890,Monoprix Nuggets De Poulet 200g,1.79,8.95,"['Boucherie et Volaille', 'Volaille', 'Cordons bleus, nuggets et grignottes']",Monoprix,True,False,false,1.0,WEEK,200g,[],https://courses.monoprix.fr/images-v3/0c44253f-c4a3-4340-9d37-d41e42b9d14a/1d6b6404-c42d-4e30-920c-635df656670c/300x300.jpg
Boucherie et Volaille,f17c237c-ffac-4086-93d4-bec77343106d,MPX_190673,Le Gaulois Cuisses De Poulet Rôties Cuites 380G,6.11,16.09,"['Boucherie et Volaille', 'Volaille', 'Poulet']",LE GAULOIS,True,False,false,2.0,WEEK,380,[],https://courses.monoprix.fr/images-v3/0c44253f-c4a3-4340-9d37-d41e42b9d14a/98daa8c7-3608-42ee-bd2a-87cff0070648/300x300.jpg
Boucherie et Volaille,57a28c10-2b75-44b2-b15a-23c7e925215f,MPX_1397948,Loue filet de poulet fermier jaune 240g x2,8.29,34.54,"['Boucherie et Volaille', 'Volaille', 'Poulet']",Loué,True,False,false,4.0,DAY,240g,[],https://courses.monoprix.fr/images-v3/0c44253f-c4a3-4340-9d37-d41e42b9d14a/644e3714-3b08-49d4-9ef0-4f00400baaee/300x300.jpg
Boucherie et Volaille,12a413f9-021b-42b2-8594-00d090ce4564,MPX_2005912,Le Gaulois Frites De Poulet Panées 200G,2.85,14.25,"['Boucherie et Volaille', 'Volaille', 'Cordons bleus, nuggets et grignottes']",Le Gaulois,True,False,false,6.0,DAY,200g,[],https://courses.monoprix.fr/images-v3/0c44253f-c4a3-4340-9d37-d41e42b9d14a/23df8e37-ca83-439a-a737-15a8bf3501b4/300x300.jpg
Boucherie et Volaille,ecd582dd-c5be-430b-9fe8-31a6107e2a3d,MPX_2247452,Monoprix Cube De Poulet Roti Nature 200G,3.79,18.95,"['Boucherie et Volaille', 'Volaille', 'Poulet']",Monoprix,True,False,false,6.0,DAY,200g,[],https://courses.monoprix.fr/images-v3/0c44253f-c4a3-4340-9d37-d41e42b9d14a/22fe4ef0-8139-40f1-8ac0-a4df19b77a39/300x300.jpg
Boucherie et Volaille,0c324e0c-4aeb-4262-ad45-f89be5bf889d,MPX_2547718,Charal Boulettes au Boeuf Sauce Napolitaine 300g,5.69,18.97,"['Boucherie et Volaille', 'Boucherie', 'Bœuf']",Charal,True,False,false,2.0,WEEK,300g,[],https://courses.monoprix.fr/images-v3/0c44253f-c4a3-4340-9d37-d41e42b9d14a/fcf5c468-c6db-4fdf-bbb2-1681ea648f05/300x300.jpg
Boucherie et Volaille,c552d23b-150a-406a-8219-8066979c2e2c,MPX_1978962,Loue aiguillettes de poulet fermier blanc 180g,6.89,38.28,"['Boucherie et Volaille', 'Volaille', 'Poulet']",LOUE,True,False,false,4.0,DAY,180g,[],https://courses.monoprix.fr/images-v3/0c44253f-c4a3-4340-9d37-d41e42b9d14a/7bab54b2-f112-4d0a-876d-765be409d5ed/300x300.jpg
Boucherie et Volaille,f0a1e121-0f22-433f-a0cc-06bad66d0a5d,MPX_3183643,Charal Steaks Haches x2 Race Charolaise 260g,5.99,23.04,"['Boucherie et Volaille', 'Boucherie', 'Viandes hachées et farces']",Charal,True,False,false,3.0,DAY,260g,[],https://courses.monoprix.fr/images-v3/0c44253f-c4a3-4340-9d37-d41e42b9d14a/c04348f6-b2f4-4962-a216-9a677c53bb36/300x300.jpg
Boucherie et Volaille,a1472620-5794-49fe-91cc-2f1eb6083319,MPX_2005910,Le Gaulois Panés De Poulet 200G,2.85,14.25,"['Boucherie et Volaille', 'Volaille', 'Cordons bleus, nuggets et grignottes']",Le Gaulois,True,False,false,6.0,DAY,200g,[],https://courses.monoprix.fr/images-v3/0c44253f-c4a3-4340-9d37-d41e42b9d14a/3077cb7d-e309-4065-a02f-842026f16eba/300x300.jpg
Boucherie et Volaille,85a4aa3b-b498-4c7f-9158-18ce8d7e8115,MPX_1117451,"Charal Châteaubriands Dans Le Filet, Tendre Et Savoureux",14.67,48.89,"['Boucherie et Volaille', 'Boucherie', 'Bœuf']",Charal,True,False,false,5.0,DAY,300,[],https://courses.monoprix.fr/images-v3/0c44253f-c4a3-4340-9d37-d41e42b9d14a/357cf9d5-fad2-44dc-9980-dd28e7896886/300x300.jpg
Boucherie et Volaille,c4413d85-057a-41e0-8b6a-a9331f8bebd9,MPX_6567033,Accro nugget vegetal 180g,3.55,19.72,"['Boucherie et Volaille', 'Protéines végétales']",Accro,True,False,false,1.0,WEEK,180g,['Produit végétarien'],https://courses.monoprix.fr/images-v3/0c44253f-c4a3-4340-9d37-d41e42b9d14a/81c6c43e-efa2-41e4-8ad9-7dd711e1ecec/300x300.jpg
Boucherie et Volaille,fd47ba42-b699-474c-a6cf-f26de5c215f6,MPX_3729900,Beyond Meat Beyond Burger 2x113g,4.99,21.98,"['Régimes alimentaires', 'Végétal', 'Protéine végétale']",Beyond meat,True,False,false,3.0,DAY,227g,[],https://courses.monoprix.fr/images-v3/0c44253f-c4a3-4340-9d37-d41e42b9d14a/85a4f8a0-3b45-4a3f-ac36-15f28e55ae52/300x300.jpg
Boucherie et Volaille,6b5e59c8-e797-40cc-b483-eef01cb46533,MPX_162962,Monoprix Gourmet poulet fermier blanc du gers label rouge 1.5kg,13.47,9.29,"['Boucherie et Volaille', 'Volaille', 'Poulet']",Monoprix Gourmet,True,False,false,2.0,DAY,1.45,[],https://courses.monoprix.fr/images-v3/0c44253f-c4a3-4340-9d37-d41e42b9d14a/df45641a-302f-4d16-bb11-e689e20f6fc2/300x300.jpg
Boucherie et Volaille,6cb6c4c3-79da-41c5-8a7a-0511c9758bc4,MPX_3729169,Monoprix Chipolatas Filiere x6 330g,4.29,13.0,"['Nos sélections', 'Inspiration du moment', '& Barbecue', 'Boucherie et Volaille']",Monoprix,True,False,false,3.0,DAY,330g,[],https://courses.monoprix.fr/images-v3/0c44253f-c4a3-4340-9d37-d41e42b9d14a/b0c903e2-cff9-4070-aaf0-27f75871a288/300x300.jpg
Boucherie et Volaille,97fe41de-b016-43b8-b0e5-798311f20c12,MPX_3524923,Tendriade Paupiettes de Veau x2 260g,6.37,24.49,"['Boucherie et Volaille', 'Boucherie', 'Veau et Agneau']",Tendriade,True,False,false,3.0,DAY,260,[],https://courses.monoprix.fr/images-v3/0c44253f-c4a3-4340-9d37-d41e42b9d14a/a5efdb64-a2dc-4b90-b07b-d4709dcf865e/300x300.jpg
Boucherie et Volaille,043151fd-ac49-4f32-a476-21bb9c1e6fd8,MPX_1110496,Tendriade Hache De Veau,7.49,18.73,"['Boucherie et Volaille', 'Boucherie', 'Viandes hachées et farces']",Tendriade,True,False,false,2.0,DAY,400g,[],https://courses.monoprix.fr/images-v3/0c44253f-c4a3-4340-9d37-d41e42b9d14a/e0a59cb3-1b49-44f6-8b77-5dfecdca124d/300x300.jpg
Boucherie et Volaille,63e1bd81-aea1-4e4e-b5b1-6dbdfabcba44,MPX_3293211,Monoprix Bio 4 Steaks Hachés 5% Matière Grasse 400G,10.9,27.25,"['Bio', 'Boucherie et Volaille bio', 'Boucherie bio']",Monoprix Bio,True,False,false,2.0,MONTH,400g,"['Produit congelé', 'Produit bio']",https://courses.monoprix.fr/images-v3/0c44253f-c4a3-4340-9d37-d41e42b9d14a/7add6346-c2fe-43fd-9b98-edfb7611e851/300x300.jpg
Boucherie et Volaille,f8bb594a-aede-4097-bd2e-c540736c5a2b,MPX_3764997,Atelier Père Dodu nuggets 200g,3.89,19.45,"['Boucherie et Volaille', 'Volaille', 'Cordons bleus, nuggets et grignottes']",Père Dodu,True,False,false,6.0,DAY,200g,[],https://courses.monoprix.fr/images-v3/0c44253f-c4a3-4340-9d37-d41e42b9d14a/26f20336-927d-40d0-919e-c6735004e9e7/300x300.jpg
Boucherie et Volaille,16bee614-e666-41af-aff1-eb66b98054b1,MPX_567475,Maître Coq Manchons De Poulet Nature 250G,3.75,15.0,"['Boucherie et Volaille', 'Volaille', 'Cordons bleus, nuggets et grignottes']",Maitre coq,True,False,false,6.0,DAY,250g,[],https://courses.monoprix.fr/images-v3/0c44253f-c4a3-4340-9d37-d41e42b9d14a/c69a3486-203b-4186-9143-c88b68b36d42/300x300.jpg
Boucherie et Volaille,98358a88-4ef8-4f91-8f27-51d43ce27319,MPX_4123787,Happyvore merguez végétale x4 200g,4.59,22.95,"['Régimes alimentaires', 'Végétal', 'Protéine végétale']",Happyvore,True,False,false,5.0,DAY,200g,[],https://courses.monoprix.fr/images-v3/0c44253f-c4a3-4340-9d37-d41e42b9d14a/3cd6b125-fd64-4a64-99ed-6db7e1e19ff5/300x300.jpg
Boucherie et Volaille,d915f61f-1fdc-41a4-92b8-372575c31a5c,MPX_2246481,Charal Bavettes D'Aloyau 260G,10.19,39.19,"['Boucherie et Volaille', 'Boucherie', 'Bœuf']",Charal,True,False,false,5.0,DAY,260,[],https://courses.monoprix.fr/images-v3/0c44253f-c4a3-4340-9d37-d41e42b9d14a/3753eebe-f581-46be-80a3-f1f2e1009b01/300x300.jpg
Boucherie et Volaille,79f69d1a-9dbc-48eb-a06a-fa6234618183,MPX_3859686,Herta Knacki saucisses végétales x4,2.19,15.64,"['Régimes alimentaires', 'Végétal', 'Protéine végétale']",HERTA,True,False,false,1.0,WEEK,140g,[],https://courses.monoprix.fr/images-v3/0c44253f-c4a3-4340-9d37-d41e42b9d14a/ef38f9e5-ec25-41d0-8daa-27fc240a7125/300x300.jpg
Boucherie et Volaille,c6b1af1a-fa22-42ed-a914-fab1d95eeeb0,MPX_4246663,Monoprix Steack Hachés 15% 2X125G,3.85,15.4,"['Boucherie et Volaille', 'Boucherie', 'Viandes hachées et farces']",Monoprix,True,False,false,2.0,DAY,250g,[],https://courses.monoprix.fr/images-v3/0c44253f-c4a3-4340-9d37-d41e42b9d14a/8caa510b-4dc2-42b7-a3c4-76dbdf19ec6a/300x300.jpg
Boucherie et Volaille,76b684f5-f39b-4c5d-a523-9930cb7fbcc4,MPX_1419904,Monoprix Gourmet Filet De Poulet Fermier Blanc Du Gers Igp Label Rouge 140G,4.29,30.64,"['Boucherie et Volaille', 'Volaille', 'Poulet']",Monoprix Gourmet,True,False,false,3.0,DAY,140g,[],https://courses.monoprix.fr/images-v3/0c44253f-c4a3-4340-9d37-d41e42b9d14a/8de02280-410d-4599-80fe-e975121c4aab/300x300.jpg
Boucherie et Volaille,ae08972b-5040-470b-ab74-abe5a4b7a5af,MPX_2713926,Le Gaulois Escalope De Dinde À La Milanaise,4.34,20.19,"['Boucherie et Volaille', 'Volaille', 'Dinde']",LE GAULOIS,True,False,false,5.0,DAY,215,[],https://courses.monoprix.fr/images-v3/0c44253f-c4a3-4340-9d37-d41e42b9d14a/5356d39a-cf68-4eb8-99ee-3a684783c7c2/300x300.jpg
Boucherie et Volaille,68afe0cb-c194-4740-96d0-44fac2e7d1e4,MPX_4747132,Monoprix Steak haché 5%MG 2x 125g,5.39,21.56,"['Boucherie et Volaille', 'Boucherie', 'Boucherie à la coupe']",Monoprix Gourmet,True,False,false,4.0,DAY,250g,[],https://courses.monoprix.fr/images-v3/0c44253f-c4a3-4340-9d37-d41e42b9d14a/478f39db-0092-45c6-b88d-977cc684a562/300x300.jpg
Boucherie et Volaille,4d77be6d-3578-480e-8f55-0c1f500c7908,MPX_3778702,Plein Champs Filet De Poulet X2 300G,7.5,24.99,"['Boucherie et Volaille', 'Volaille', 'Poulet']",LE PETIT MARCHE DE LOUE,True,False,false,4.0,DAY,300,[],https://courses.monoprix.fr/images-v3/0c44253f-c4a3-4340-9d37-d41e42b9d14a/0ba6da42-4a0b-40b8-84b1-6071e7e0e2db/300x300.jpg
Boucherie et Volaille,482c97bc-1b8f-49b1-99b5-b89d462b0af0,MPX_5447206,Atelier Blini Falafels Pois Chiches 120g,3.59,29.92,"['Charcuterie et Traiteur', 'Traiteur végétal', 'Traiteur végétal']",Atelier Blini,True,False,false,1.0,WEEK,120g,[],https://courses.monoprix.fr/images-v3/0c44253f-c4a3-4340-9d37-d41e42b9d14a/9d68a05d-8c6c-4145-8c71-adbd21ad6c7f/300x300.jpg
Boucherie et Volaille,90d27925-2033-4854-94f1-00b9740cdead,MPX_64176,"Charal Steaks Hachés Pur Boeuf, 15% De Mat. Gr",5.39,20.73,"['Boucherie et Volaille', 'Boucherie', 'Viandes hachées et farces']",Charal,True,False,false,3.0,DAY,260g,[],https://courses.monoprix.fr/images-v3/0c44253f-c4a3-4340-9d37-d41e42b9d14a/f3f4ce1d-81d5-4605-84c2-af217d019adc/300x300.jpg
Boucherie et Volaille,9d197c15-deeb-40b3-8a29-579cd317ce6e,MPX_3498650,Le Gaulois 1Kg Cuisse De Poulet Blanc Satm,7.09,7.09,"['Boucherie et Volaille', 'Volaille', 'Poulet']",LE GAULOIS,True,False,false,4.0,DAY,1kg,[],https://courses.monoprix.fr/images-v3/0c44253f-c4a3-4340-9d37-d41e42b9d14a/e1b4f7a1-6e28-4c2f-9c75-a4b0d65756f8/300x300.jpg
Boucherie et Volaille,10776da7-aed5-4eb3-ac63-014b7b8a736b,MPX_2738539,Monoprix Ailes de Poulet x6 375g,3.4,7.09,"['Boucherie et Volaille', 'Volaille', 'Poulet']",Monoprix,True,False,false,4.0,DAY,480,[],https://courses.monoprix.fr/images-v3/0c44253f-c4a3-4340-9d37-d41e42b9d14a/46af9843-59db-4ed6-82fb-6c379a8098c3/300x300.jpg
Boucherie et Volaille,8d56a4f9-ae12-4cfc-aa05-1e16c525bb93,MPX_65289,"Charal Steack Haché Tartare, 5% De Matière Grasse",5.49,21.96,"['Boucherie et Volaille', 'Boucherie', 'Viandes hachées et farces']",Charal,True,False,false,3.0,DAY,250g,[],https://courses.monoprix.fr/images-v3/0c44253f-c4a3-4340-9d37-d41e42b9d14a/282ec37c-4980-49ed-ac87-d10388f10141/300x300.jpg
Boucherie et Volaille,e03e5762-fa81-4267-b2da-ca68a8adffdc,MPX_1402876,Monoprix Manchons de Poulet à la Mexicaine 250g,2.59,10.36,"['Boucherie et Volaille', 'Volaille', 'Poulet']",Monoprix,True,False,false,6.0,DAY,250g,[],https://courses.monoprix.fr/images-v3/0c44253f-c4a3-4340-9d37-d41e42b9d14a/289bd849-d620-4444-a7af-506fe17109db/300x300.jpg
Boucherie et Volaille,4cad9727-4da7-4289-a05a-676e8dffe6e3,MPX_4419989,Monoprix Gourmet Steak Haché 12%Mg 250g,5.09,20.36,"['Boucherie et Volaille', 'Boucherie', 'Boucherie à la coupe']",Monoprix Gourmet,True,False,false,3.0,DAY,250g,[],https://courses.monoprix.fr/images-v3/0c44253f-c4a3-4340-9d37-d41e42b9d14a/7c828956-0262-4ca3-9d7a-dade3d1765bb/300x300.jpg
Boucherie et Volaille,bbdf17dd-3ae4-46e9-8500-ce1ba3c6f2fb,MPX_4200355,Monoprix Bio Origines Steack Haché 5% Flow x2 250g,5.59,22.36,"['Bio', 'Boucherie et Volaille bio', 'Boucherie bio']",Monoprix Bio,True,False,false,3.0,DAY,250g,['Produit bio'],https://courses.monoprix.fr/images-v3/0c44253f-c4a3-4340-9d37-d41e42b9d14a/65e2acef-53de-4552-8a67-a712ad9b4938/300x300.jpg
Boucherie et Volaille,05b2a784-44f7-4cfc-a0ae-c7e8a9a82d74,MPX_2368656,Père Dodu Escalopes de cordon bleu au comté 200g,2.75,13.75,"['Boucherie et Volaille', 'Volaille', 'Cordons bleus, nuggets et grignottes']",Père Dodu,True,False,false,1.0,WEEK,200g,[],https://courses.monoprix.fr/images-v3/0c44253f-c4a3-4340-9d37-d41e42b9d14a/32bb93bc-baa9-468a-95e6-07cd4955fbdb/300x300.jpg
Boucherie et Volaille,e1763a94-779d-4339-8c93-139d65c646bb,MPX_2947670,Charal Steak filet de Boeuf 110g,5.5,47.79,"['Boucherie et Volaille', 'Boucherie', 'Bœuf']",Charal,True,False,false,6.0,DAY,115,[],https://courses.monoprix.fr/images-v3/0c44253f-c4a3-4340-9d37-d41e42b9d14a/18cf1777-b4b2-4790-9682-65c63ae5e28c/300x300.jpg
Boucherie et Volaille,49ecae80-3a56-40e9-8586-786f57fcb3ee,MPX_181225,Soulard Aiguillettes De Canard 300G,5.58,27.9,"['Boucherie et Volaille', 'Volaille', 'Canard et caille']",DOMAINE D'ERNEST,True,False,false,1.0,WEEK,200,[],https://courses.monoprix.fr/images-v3/0c44253f-c4a3-4340-9d37-d41e42b9d14a/fd58d9d6-b6c1-46e9-9300-328363798835/300x300.jpg
Boucherie et Volaille,323d18bf-4104-48cb-9842-9bcc50b79601,MPX_1472271,Charal Rumsteck Façon Tournedos 250g,8.32,33.29,"['Boucherie et Volaille', 'Boucherie', 'Bœuf']",Charal,True,False,false,5.0,DAY,250,[],https://courses.monoprix.fr/images-v3/0c44253f-c4a3-4340-9d37-d41e42b9d14a/6f5a990d-db40-4f6f-a88f-6558a282c856/300x300.jpg
Boucherie et Volaille,4d9ecca5-583e-456a-a602-f259c2c77868,MPX_1419910,Monoprix Gourmet cuisses de poulet fermier blanc du gers x2 pièces 500g,5.85,11.69,"['Boucherie et Volaille', 'Volaille', 'Poulet']",Monoprix Gourmet,True,False,false,3.0,DAY,500,[],https://courses.monoprix.fr/images-v3/0c44253f-c4a3-4340-9d37-d41e42b9d14a/3072b917-6b33-4f9c-9096-4878f97a2e32/300x300.jpg
Boucherie et Volaille,107f85a4-0e4e-4e1f-aed4-236b640c2d4c,MPX_3513976,Monoprix Bio Escalope Fine De Poulet Fermier Bio 235g,8.88,37.79,"['Bio', 'Boucherie et Volaille bio', 'Volaille bio']",Monoprix Bio,True,False,false,5.0,DAY,235,['Produit bio'],https://courses.monoprix.fr/images-v3/0c44253f-c4a3-4340-9d37-d41e42b9d14a/81a3982e-40ec-4249-b9c0-6e9438281df3/300x300.jpg
Boucherie et Volaille,1aab8ba9-4136-420d-96d3-ab6ff28373fc,MPX_65540,Socopa Côtes d'Agneau Tendre et Savoureuse à Griller 200g,6.36,31.79,"['Boucherie et Volaille', 'Boucherie', 'Veau et Agneau']",Socopa,True,False,false,2.0,DAY,200,[],https://courses.monoprix.fr/images-v3/0c44253f-c4a3-4340-9d37-d41e42b9d14a/fa4d7834-6146-4e90-b660-9ef8f4658672/300x300.jpg
Boucherie et Volaille,737a2ec4-d7de-4ffa-ab0f-a7116094ddc5,MPX_2079394,Charal 1 tournedos 140g,7.11,50.79,"['Boucherie et Volaille', 'Boucherie', 'Bœuf']",Charal,True,False,false,5.0,DAY,140,[],https://courses.monoprix.fr/images-v3/0c44253f-c4a3-4340-9d37-d41e42b9d14a/cedd5e46-fea2-481f-a883-94b32fb58dca/300x300.jpg
Boucherie et Volaille,40e15e84-2b59-4a2b-b2cf-99a8924e1ead,MPX_2811063,Monoprix Bio Chipolatas X6,4.99,16.63,"['Bio', 'Boucherie et Volaille bio', 'Boucherie bio']",Monoprix Bio,True,False,false,3.0,DAY,300g,['Produit bio'],https://courses.monoprix.fr/images-v3/0c44253f-c4a3-4340-9d37-d41e42b9d14a/8bddc06b-9c65-4a5e-a59c-aea5bdf5e6f0/300x300.jpg
Boucherie et Volaille,9401295b-c51e-402c-bd09-5518d6e3d029,MPX_6566599,Happyvore esc panees x2 180g,4.59,25.5,"['Régimes alimentaires', 'Végétal', 'Protéine végétale']",Happyvore,True,False,false,1.0,WEEK,180g,[],https://courses.monoprix.fr/images-v3/0c44253f-c4a3-4340-9d37-d41e42b9d14a/8376f213-1f96-48e6-a1ff-88d736aa1de5/300x300.jpg
Boucherie et Volaille,20836802-e0c5-4027-80e2-5d1714dfc5ba,MPX_724158,Monoprix Merguez bœuf & mouton 330g,4.39,13.3,"['Nos sélections', 'Inspiration du moment', '& Barbecue', 'Boucherie et Volaille']",Monoprix,True,False,false,3.0,DAY,330g,[],https://courses.monoprix.fr/images-v3/0c44253f-c4a3-4340-9d37-d41e42b9d14a/67d2167a-0c38-4a29-9259-bdcd5d34f567/300x300.jpg
Boucherie et Volaille,da5d3efc-b39f-4c00-ac16-a503fbf8d5bc,MPX_576920,"Monoprix Bio Poulet fermier 1,395kg",18.12,12.99,"['Bio', 'Boucherie et Volaille bio', 'Volaille bio']",Monoprix Bio,True,False,false,4.0,DAY,1.395,['Produit bio'],https://courses.monoprix.fr/images-v3/0c44253f-c4a3-4340-9d37-d41e42b9d14a/73015eeb-a1de-4804-b54a-5d87b82f9f08/300x300.jpg
Boucherie et Volaille,ad0bf5e7-0831-42ec-9d1f-960959b8594c,MPX_2852218,Garden Gourmet Boulettes aux Légumes 200g,4.29,21.45,"['Régimes alimentaires', 'Végétal', 'Protéine végétale']",GARDEN GOURMET,True,False,false,1.0,WEEK,200g,[],https://courses.monoprix.fr/images-v3/0c44253f-c4a3-4340-9d37-d41e42b9d14a/81430af9-3d3c-4ec2-ac71-07ac062e7cef/300x300.jpg
Boucherie et Volaille,67eecc71-b6e0-4ed3-91a2-78e28f802769,MPX_2005908,Monoprix Bio Origines Escalopes De Dinde 260g,9.31,35.79,"['Bio', 'Boucherie et Volaille bio', 'Volaille bio']",Monoprix Bio Origines,True,False,false,5.0,DAY,260,['Produit bio'],https://courses.monoprix.fr/images-v3/0c44253f-c4a3-4340-9d37-d41e42b9d14a/42f34603-dc16-4296-b875-9e1416d72b2f/300x300.jpg
Boucherie et Volaille,8c1f7830-6cc1-4cc2-a4ac-4a2085e34366,MPX_3367913,Monoprix Gourmet Filet Mignon de Porc 450g,11.25,24.99,"['Boucherie et Volaille', 'Boucherie', 'Boucherie à la coupe']",Monoprix Gourmet,True,False,false,1.0,WEEK,450,[],https://courses.monoprix.fr/images-v3/0c44253f-c4a3-4340-9d37-d41e42b9d14a/b9151d61-7903-4084-bd44-6df237a2d397/300x300.jpg
Boucherie et Volaille,37da88e3-845b-4c42-929a-faf4c23b9439,MPX_3405093,Garden Gourmet Le Classique Soja et Blé 150g,3.19,21.27,"['Régimes alimentaires', 'Végétal', 'Protéine végétale']",GARDEN GOURMET,True,False,false,1.0,WEEK,150g,['Produit végétarien'],https://courses.monoprix.fr/images-v3/0c44253f-c4a3-4340-9d37-d41e42b9d14a/352502d1-efd5-491e-bfc9-c5a76c917cef/300x300.jpg
Boucherie et Volaille,e41cae8f-988f-4187-8068-fd51ac16713b,MPX_3367951,Monoprix Gourmet Bavette Aloyau 140g,4.9,34.99,"['Boucherie et Volaille', 'Boucherie', 'Boucherie à la coupe']",Monoprix Gourmet,True,False,false,1.0,WEEK,140,[],https://courses.monoprix.fr/images-v3/0c44253f-c4a3-4340-9d37-d41e42b9d14a/5939e2f0-b746-4f35-8860-e50b06461b63/300x300.jpg
Boucherie et Volaille,0c53ce03-ad2a-41ea-95e9-784298ee90c4,MPX_3513974,Monoprix Bio Origines Escalopes de Cuisse de Poulet Fermier Bio 150g,10.64,29.39,"['Bio', 'Boucherie et Volaille bio', 'Volaille bio']",Monoprix Bio,True,False,false,5.0,DAY,362,['Produit bio'],https://courses.monoprix.fr/images-v3/0c44253f-c4a3-4340-9d37-d41e42b9d14a/363b458b-a392-479d-a48c-05cd9c48eba8/300x300.jpg
Boucherie et Volaille,3a4bf729-278d-4fc1-b2d1-ba3f811a5c6c,MPX_1470434,Socopa Merguez Façon Charcutiere,3.65,16.59,"['Nos sélections', 'Inspiration du moment', '& Barbecue', 'Boucherie et Volaille']",Socopa,True,False,false,4.0,DAY,220g,[],https://courses.monoprix.fr/images-v3/0c44253f-c4a3-4340-9d37-d41e42b9d14a/745e7564-722c-4136-b4f9-71509480d18d/300x300.jpg
Boucherie et Volaille,fa6dcfab-240f-4108-a53f-ed7ed4283b15,MPX_6676083,La Vie jambon végétal fumé 120g,3.99,33.25,"['Régimes alimentaires', 'Végétal', 'Protéine végétale']",La Vie,True,False,false,1.0,WEEK,120g,['Produit végétarien'],https://courses.monoprix.fr/images-v3/0c44253f-c4a3-4340-9d37-d41e42b9d14a/4bd88e5f-fc9e-4193-a429-539bd769e820/300x300.jpg
Boucherie et Volaille,5461b0c8-c419-44a6-8e1f-311a1278d9d0,MPX_6676084,La Vie jambon végétal nature 120g,3.99,33.25,"['Régimes alimentaires', 'Végétal', 'Protéine végétale']",La Vie,True,False,false,1.0,WEEK,120g,['Produit végétarien'],https://courses.monoprix.fr/images-v3/0c44253f-c4a3-4340-9d37-d41e42b9d14a/f9e0608a-4cae-44e3-bf55-947b987077c1/300x300.jpg
Boucherie et Volaille,ebf53c24-2bf4-4e5f-a7e5-a91e7cc54682,MPX_2410026,Monoprix Bio Noisette d'Agneau Bio x2 160g,5.26,27.69,"['Bio', 'Boucherie et Volaille bio', 'Boucherie bio']",Monoprix Bio,True,False,false,4.0,DAY,190,[],https://courses.monoprix.fr/images-v3/0c44253f-c4a3-4340-9d37-d41e42b9d14a/f3eec9fd-8e6d-4455-8819-2e6175e53626/300x300.jpg
Boucherie et Volaille,330668cf-7a60-4a6b-8c57-5d491ab34daf,MPX_1119403,"Charal Tournedos Dans Le Filet, Tendre Et Savoureux 2x140G",14.03,50.09,"['Boucherie et Volaille', 'Boucherie', 'Bœuf']",Charal,True,False,false,2.0,DAY,280,[],https://courses.monoprix.fr/images-v3/0c44253f-c4a3-4340-9d37-d41e42b9d14a/58f42092-553b-4c60-9e09-5274867bafd0/300x300.jpg
Boucherie et Volaille,a3e14737-54fc-46e5-8b2a-b91b67a874b5,MPX_1994317,Charal Onglet 140G,5.96,41.09,"['Boucherie et Volaille', 'Boucherie', 'Bœuf']",Charal,True,False,false,2.0,DAY,145,[],https://courses.monoprix.fr/images-v3/0c44253f-c4a3-4340-9d37-d41e42b9d14a/1039d2d5-2570-49aa-9a5e-45d2877cb24b/300x300.jpg
Boucherie et Volaille,6bab6556-28fe-4b55-8c23-89f4642e4220,MPX_2005940,Charal Pavés De Boeuf 2X140g,8.65,30.89,"['Boucherie et Volaille', 'Boucherie', 'Bœuf']",Charal,True,False,false,1.0,WEEK,280,[],https://courses.monoprix.fr/images-v3/0c44253f-c4a3-4340-9d37-d41e42b9d14a/25095cd1-bf50-4a74-bba3-ce9c56ed5ffc/300x300.jpg
Boucherie et Volaille,fef8079c-156b-4f7c-b5cf-2ec915178b9e,MPX_3292128,Loué La Généreuse De Dinde Grandes Tranches De Filet x2 240G,6.14,27.89,"['Boucherie et Volaille', 'Volaille', 'Dinde']",LOUE,True,False,false,4.0,DAY,220,[],https://courses.monoprix.fr/images-v3/0c44253f-c4a3-4340-9d37-d41e42b9d14a/e43eea37-04e4-4a40-8d15-e2f32956ff90/300x300.jpg
Boucherie et Volaille,7260d324-76de-46d8-a2cf-8daf9c131f18,MPX_2218134,Charal Steack Haché Pur Bœuf 5% MG 130g,3.19,24.54,"['Boucherie et Volaille', 'Boucherie', 'Viandes hachées et farces']",Charal,True,False,false,3.0,DAY,130g,[],https://courses.monoprix.fr/images-v3/0c44253f-c4a3-4340-9d37-d41e42b9d14a/a2e30360-7490-473f-a342-16dedd50e901/300x300.jpg
Boucherie et Volaille,e477355a-e0cf-4c25-b1ca-42df84c4a565,MPX_4122647,Nature de France Saucisses de Volaille Bio x6 - 300g,6.79,22.63,"['Bio', 'Boucherie et Volaille bio', 'Volaille bio']",Nature de france,True,False,false,4.0,DAY,300g,['Produit bio'],https://courses.monoprix.fr/images-v3/0c44253f-c4a3-4340-9d37-d41e42b9d14a/cedc78d9-a954-493f-86bc-7863e9aa325a/300x300.jpg
Boucherie et Volaille,7536c1fd-2b13-44bf-a7bf-f0780effab69,MPX_3304171,Charal Les Marinés Pave de Bœuf Tendre & Corsés aux 3 Poivres 2x130g,6.29,24.19,"['Boucherie et Volaille', 'Boucherie', 'Bœuf']",Charal,True,False,false,6.0,DAY,260g,[],https://courses.monoprix.fr/images-v3/0c44253f-c4a3-4340-9d37-d41e42b9d14a/f3d92275-78c2-46fd-9d43-ca55be762729/300x300.jpg
Boucherie et Volaille,1fea357e-95c6-4bd6-9bba-1e8ed9df325e,MPX_3368166,Monoprix Gourmet Côte première de porc 2x150g,3.9,12.99,"['Boucherie et Volaille', 'Boucherie', 'Boucherie à la coupe']",Monoprix Gourmet,True,False,false,1.0,WEEK,300,[],https://courses.monoprix.fr/images-v3/0c44253f-c4a3-4340-9d37-d41e42b9d14a/7120eb7f-82e9-44b0-9d33-026d05aa0e3d/300x300.jpg
Boucherie et Volaille,5e3eba89-e9d6-4981-b3c3-33d64a545b49,MPX_4122791,Premier Prix Neutre Haché en Vrac 20% 650g,7.99,12.29,"['Boucherie et Volaille', 'Boucherie', 'Viandes hachées et farces']",Premier Prix,True,False,false,2.0,DAY,650g,[],https://courses.monoprix.fr/images-v3/0c44253f-c4a3-4340-9d37-d41e42b9d14a/28e806f0-d4ab-4316-83d6-ba69349d7f0d/300x300.jpg
Boucherie et Volaille,112927ea-0f20-4ec2-b5c6-babb64c9418c,MPX_3789985,Le Gaulois 2 Cordon Bleu Authentique 200G,2.89,14.45,"['Boucherie et Volaille', 'Volaille', 'Cordons bleus, nuggets et grignottes']",LE GAULOIS,True,False,false,1.0,WEEK,200g,[],https://courses.monoprix.fr/images-v3/0c44253f-c4a3-4340-9d37-d41e42b9d14a/db7e654d-d5b6-40b3-824c-0d9850cdcfcc/300x300.jpg
Boucherie et Volaille,f6e7daf2-2776-4be6-acd6-23e61ca5e1a3,MPX_3823427,Bio la Viande Entrecôte de Boeuf x1 200g,6.48,32.39,"['Bio', 'Boucherie et Volaille bio', 'Boucherie bio']",Comptoir des Viandes Bio,True,False,false,1.0,WEEK,200,[],https://courses.monoprix.fr/images-v3/0c44253f-c4a3-4340-9d37-d41e42b9d14a/57b3901d-de08-4a19-bdb3-c59074d55eaa/300x300.jpg
Boucherie et Volaille,43365006-ebca-4837-a1f2-67569308bed4,MPX_3822863,Bio la viande Côte de Porc sans Os x1 150g,3.59,23.93,"['Bio', 'Boucherie et Volaille bio', 'Boucherie bio']",Comptoir des Viandes Bio,True,False,false,6.0,DAY,150g,[],https://courses.monoprix.fr/images-v3/0c44253f-c4a3-4340-9d37-d41e42b9d14a/70924dbd-74bd-4965-a708-caf2e4b98064/300x300.jpg
Boucherie et Volaille,be9493cf-cd89-4f90-9c64-36bdd4d17692,MPX_3778516,La Nouvelle Agriculture Cuisse De Poulet 360G,3.59,9.97,"['Boucherie et Volaille', 'Volaille', 'Poulet']",La nouvelle agriculture,True,False,false,5.0,DAY,360g,[],https://courses.monoprix.fr/images-v3/0c44253f-c4a3-4340-9d37-d41e42b9d14a/0688cfac-85e9-4837-90ff-109f6c94341b/300x300.jpg
Boucherie et Volaille,cdf90b49-6f8b-4268-870e-2eaa9fe3b815,MPX_2738552,Monoprix Pilon De Poulet X4 - 450g,3.87,8.59,"['Boucherie et Volaille', 'Volaille', 'Poulet']",Monoprix,True,False,false,4.0,DAY,450,[],https://courses.monoprix.fr/images-v3/0c44253f-c4a3-4340-9d37-d41e42b9d14a/e5e972c8-3bdb-4120-b0a9-02e8aaa41acc/300x300.jpg
Boucherie et Volaille,41189ebb-d5cb-42cc-a998-24d564e484ba,MPX_2751380,Monoprix Aiguillettes Panées Graines 250G,3.89,15.56,"['Boucherie et Volaille', 'Volaille', 'Cordons bleus, nuggets et grignottes']",Monoprix,True,False,false,6.0,DAY,250g,[],https://courses.monoprix.fr/images-v3/0c44253f-c4a3-4340-9d37-d41e42b9d14a/6d5ef4da-95b6-4775-bbf2-e49c92a37434/300x300.jpg
Boucherie et Volaille,80f6c848-ae28-4405-a19b-e95a9ed5addb,MPX_3059106,Le Gaulois 180 - Le Gaulois - Eminces De Cuisses De Poulet Nature,3.99,22.17,"['Boucherie et Volaille', 'Volaille', 'Poulet']",LE GAULOIS,True,False,false,6.0,DAY,180g,[],https://courses.monoprix.fr/images-v3/0c44253f-c4a3-4340-9d37-d41e42b9d14a/52087e07-8bce-48de-b5ae-2d6c3c8c1e60/300x300.jpg
Boucherie et Volaille,5a5a8ecf-2927-473c-8513-2a5aa4eae1e7,MPX_3367966,Monoprix Gourmet Roti échine de porc 400g,6.0,14.99,"['Boucherie et Volaille', 'Boucherie', 'Boucherie à la coupe']",Monoprix Gourmet,True,False,false,1.0,WEEK,400,[],https://courses.monoprix.fr/images-v3/0c44253f-c4a3-4340-9d37-d41e42b9d14a/6407fe7f-83f5-4937-bd5e-41e5da14dcbb/300x300.jpg
Boucherie et Volaille,19c90eab-1003-4249-83b2-cb231b1b23ec,MPX_6567758,La Vie bacon végétal fumé 120g,3.39,28.25,"['Boucherie et Volaille', 'Protéines végétales']",La Vie,True,False,false,2.0,WEEK,120g,[],https://courses.monoprix.fr/images-v3/0c44253f-c4a3-4340-9d37-d41e42b9d14a/877043cd-7e02-472a-a932-65971e97dd07/300x300.jpg
Boucherie et Volaille,0c321253-5a9b-4b1a-9cdf-c4cd7f386aad,MPX_3070338,La Nouvelle Agriculture Aiguillette De Poulet Jaune X6,4.76,23.79,"['Boucherie et Volaille', 'Volaille', 'Poulet']",La Nouvelle Agriculture,True,False,false,4.0,DAY,200,[],https://courses.monoprix.fr/images-v3/0c44253f-c4a3-4340-9d37-d41e42b9d14a/673de9ee-afdb-4fd6-89e6-fbdb511ffbc2/300x300.jpg
Boucherie et Volaille,be6d6cfb-5df0-4079-8914-8fc775a9b9f9,MPX_2824309,Le Domaine D'Ernest Magret De Canard C1,10.84,28.9,"['Boucherie et Volaille', 'Volaille', 'Canard et caille']",Le Domaine d'Ernest,True,False,false,1.0,WEEK,375,[],https://courses.monoprix.fr/images-v3/0c44253f-c4a3-4340-9d37-d41e42b9d14a/526220f7-f71f-49dd-8780-e1e743246bdc/300x300.jpg
Boucherie et Volaille,65a5c12c-4978-49c8-bb8b-0f2ba8d29cb0,MPX_3368116,Monoprix Gourmet Escalope De Veau 130G,4.42,33.99,"['Boucherie et Volaille', 'Boucherie', 'Boucherie à la coupe']",Monoprix Gourmet,True,False,false,1.0,WEEK,130,[],https://courses.monoprix.fr/images-v3/0c44253f-c4a3-4340-9d37-d41e42b9d14a/59e38d32-af96-44a6-8d39-0a07d81bf19a/300x300.jpg
Boucherie et Volaille,7bd18e49-8fce-4447-acb8-ecc71b96ed3f,MPX_3341873,Nature de France Escalopes Milanaises de volaille Bio 180g,5.99,33.28,"['Bio', 'Boucherie et Volaille bio', 'Volaille bio']",Nature de france,True,False,false,1.0,WEEK,180g,['Produit bio'],https://courses.monoprix.fr/images-v3/0c44253f-c4a3-4340-9d37-d41e42b9d14a/68a682cb-4bfa-4056-a3cf-093df4034792/300x300.jpg
Boucherie et Volaille,66a1ace0-f708-410b-a504-909f0509efb7,MPX_3368123,Monoprix Gourmet Entrecôte 230G,8.26,35.9,"['Boucherie et Volaille', 'Boucherie', 'Boucherie à la coupe']",Monoprix Gourmet,True,False,false,1.0,WEEK,230,[],https://courses.monoprix.fr/images-v3/0c44253f-c4a3-4340-9d37-d41e42b9d14a/1aabe253-8e9d-4cd0-aabc-7363bcb30379/300x300.jpg
Boucherie et Volaille,cfe4a033-3fc6-4345-8e4e-e56cd5cfa6fa,MPX_1666068,Monoprix Gourmet Aiguillettes de poulet fermier blanc du Gers 210g,8.73,31.19,"['Boucherie et Volaille', 'Volaille', 'Poulet']",Monoprix Gourmet,True,False,false,3.0,DAY,280,[],https://courses.monoprix.fr/images-v3/0c44253f-c4a3-4340-9d37-d41e42b9d14a/b4acf9a6-d19a-4d86-9dc0-026a1a4c9057/300x300.jpg
Boucherie et Volaille,a6703b1c-37e5-44d4-b371-1e4c84f86d97,MPX_2202638,Charal Steaks Hachés 5% matière grasse 2x80g,3.79,23.69,"['Boucherie et Volaille', 'Boucherie', 'Viandes hachées et farces']",Charal,True,False,false,3.0,DAY,160g,[],https://courses.monoprix.fr/images-v3/0c44253f-c4a3-4340-9d37-d41e42b9d14a/3b852e2a-bd74-4012-a247-4aaf4e541baa/300x300.jpg
Boucherie et Volaille,98ba776a-01bd-410f-9d76-3a118f32b5aa,MPX_6666867,Bigard boulettes au bœuf 15x 25g,5.99,15.97,"['Boucherie et Volaille', 'Boucherie', 'Viandes hachées et farces']",Bigard,True,False,false,3.0,DAY,375g,[],https://courses.monoprix.fr/images-v3/0c44253f-c4a3-4340-9d37-d41e42b9d14a/3b74ab6f-1b02-4ea2-8c05-befa7b9352d3/300x300.jpg
Boucherie et Volaille,b7cc8e19-a5dd-4d9e-b9cd-d1799ed6102b,MPX_1467706,Loué Filet Mignon De Dinde,9.35,32.79,"['Boucherie et Volaille', 'Volaille', 'Dinde']",LOUE,True,False,false,3.0,DAY,285,[],https://courses.monoprix.fr/images-v3/0c44253f-c4a3-4340-9d37-d41e42b9d14a/9767eb32-ee49-453a-ace6-d18cb6f63a01/300x300.jpg
Boucherie et Volaille,e563235a-99e1-41e7-b19c-6369c35dee59,MPX_2368660,Père Dodu nuggets poulet 200g,2.39,11.95,"['Boucherie et Volaille', 'Volaille', 'Cordons bleus, nuggets et grignottes']",Père Dodu,True,False,false,6.0,DAY,200g,[],https://courses.monoprix.fr/images-v3/0c44253f-c4a3-4340-9d37-d41e42b9d14a/47dd6b32-b06c-4723-b33c-cbe8bd3bf69b/300x300.jpg
Boucherie et Volaille,fd3521c7-2b57-40d8-b203-ab4239043455,MPX_2824272,Père Dodu nuggets au filets de poulet - format familial 400g,3.99,9.98,"['Boucherie et Volaille', 'Volaille', 'Cordons bleus, nuggets et grignottes']",Père Dodu,True,False,false,1.0,WEEK,400g,[],https://courses.monoprix.fr/images-v3/0c44253f-c4a3-4340-9d37-d41e42b9d14a/0146b0f5-b0c1-41d0-be6a-2fc38e2e35b9/300x300.jpg
Boucherie et Volaille,08780571-f6b2-466b-9597-fcb668cd6843,MPX_4123788,Happyvore chipolata végétale x4 200g,4.59,22.95,"['Régimes alimentaires', 'Végétal', 'Protéine végétale']",Happyvore,True,False,false,4.0,DAY,200g,[],https://courses.monoprix.fr/images-v3/0c44253f-c4a3-4340-9d37-d41e42b9d14a/b77e971d-1f10-464b-ab2e-07ebd7c7da4d/300x300.jpg
Boucherie et Volaille,605dec07-e492-4b69-9727-2c796a5c76e5,MPX_4210981,Monoprix gourmet Magret de canard tranché fumé 90g,4.79,53.22,"['Boucherie et Volaille', 'Volaille', 'Canard et caille']",Monoprix Gourmet,True,False,false,2.0,WEEK,90g,[],https://courses.monoprix.fr/images-v3/0c44253f-c4a3-4340-9d37-d41e42b9d14a/b0c62e41-08ce-443b-9889-f02bb12ec830/300x300.jpg
Boucherie et Volaille,ddaae7b6-e827-4bbc-a239-a0edd52790ea,MPX_1893224,Monoprix Cuisses De Lapin 460G,10.46,22.99,"['Boucherie et Volaille', 'Volaille', 'Lapin']",Monoprix,True,False,false,4.0,DAY,455,[],https://courses.monoprix.fr/images-v3/0c44253f-c4a3-4340-9d37-d41e42b9d14a/8e5f1347-0d6b-4b9d-aaa9-249651f30b10/300x300.jpg
Boucherie et Volaille,4c60fe9b-cecd-49cf-987c-03199c307628,MPX_3729173,Monoprix Monoprix Chipo Herbes Filiere 330G,4.29,13.0,"['Nos sélections', 'Inspiration du moment', '& Barbecue', 'Boucherie et Volaille']",Monoprix,True,False,false,2.0,DAY,330g,[],https://courses.monoprix.fr/images-v3/0c44253f-c4a3-4340-9d37-d41e42b9d14a/8cb66a97-5ee8-476a-bfe5-ecfda7fa70e1/300x300.jpg
Boucherie et Volaille,b87b674d-aff4-4421-a9cb-becd2748622b,MPX_2947879,Nature De France Boulette De Volaille Bio 180G,5.29,29.39,"['Bio', 'Boucherie et Volaille bio', 'Volaille bio']",Nature de france,True,False,false,1.0,WEEK,180g,['Produit bio'],https://courses.monoprix.fr/images-v3/0c44253f-c4a3-4340-9d37-d41e42b9d14a/6f6d7046-744c-41b5-8d6d-09509fe47b56/300x300.jpg
Boucherie et Volaille,66279969-0fee-4e3c-b185-cbb29f32b6e9,MPX_3368007,Monoprix Gourmet Tranche de Gigot d'agneau 170g,5.95,34.99,"['Boucherie et Volaille', 'Boucherie', 'Boucherie à la coupe']",Monoprix Gourmet,True,False,false,1.0,WEEK,170,[],https://courses.monoprix.fr/images-v3/0c44253f-c4a3-4340-9d37-d41e42b9d14a/a9b733bf-6042-4c59-acc6-8538f9fa4c28/300x300.jpg
Boucherie et Volaille,c96573d1-a663-46fa-b756-d1071692deb5,MPX_723873,Maître Coq Wings Party Nature 400g,5.49,13.73,"['Boucherie et Volaille', 'Volaille', 'Cordons bleus, nuggets et grignottes']",Maitre coq,True,False,false,1.0,WEEK,400g,[],https://courses.monoprix.fr/images-v3/0c44253f-c4a3-4340-9d37-d41e42b9d14a/b04222c4-ca4a-4f65-af7c-c7800138b6e5/300x300.jpg
Boucherie et Volaille,497d385b-6147-41b7-85d2-4f5c36491022,MPX_3764996,Atelier Père Dodu Cordon Bleu Dinde 200g,4.49,22.45,"['Boucherie et Volaille', 'Volaille', 'Cordons bleus, nuggets et grignottes']",Père Dodu,True,False,false,6.0,DAY,200g,[],https://courses.monoprix.fr/images-v3/0c44253f-c4a3-4340-9d37-d41e42b9d14a/ed16b05b-4122-482b-ad97-1132d4e29495/300x300.jpg
Boucherie et Volaille,5a61ac2c-ee92-4c94-b69b-2328cc162717,MPX_3765610,Le Gaulois Aiguillettes de Poulet 250G,4.73,18.19,"['Boucherie et Volaille', 'Volaille', 'Poulet']",LE GAULOIS,True,False,false,4.0,DAY,260,[],https://courses.monoprix.fr/images-v3/0c44253f-c4a3-4340-9d37-d41e42b9d14a/c474ddab-bf48-4c36-a350-03e312b2c2a1/300x300.jpg
Boucherie et Volaille,257a4790-20dd-486e-bf6c-6eac875a2070,MPX_3953523,Escalope de Veau x2 260g,7.09,27.27,"['Boucherie et Volaille', 'Boucherie', 'Veau et Agneau']",NoBrand,True,False,false,2.0,DAY,260g,[],https://courses.monoprix.fr/images-v3/0c44253f-c4a3-4340-9d37-d41e42b9d14a/2cb4f9f3-e9f8-4c35-81f9-2f136046fcbb/300x300.jpg
Boucherie et Volaille,bd06bcb1-67ed-4e39-ae9b-528ddc67717e,MPX_1994318,Charal Bifteck Extra Tendre,4.11,27.39,"['Boucherie et Volaille', 'Boucherie', 'Bœuf']",Charal,True,False,false,6.0,DAY,150,[],https://courses.monoprix.fr/images-v3/0c44253f-c4a3-4340-9d37-d41e42b9d14a/46ca3881-7339-4c06-9b9a-986bf69fd74b/300x300.jpg
Boucherie et Volaille,cb9e85ed-520b-4a11-946e-5ea539366440,MPX_3417788,Père Dodu Escalope Cordon Bleu Poulet 200G,2.69,13.45,"['Boucherie et Volaille', 'Volaille', 'Cordons bleus, nuggets et grignottes']",Père Dodu,True,False,false,1.0,WEEK,200g,[],https://courses.monoprix.fr/images-v3/0c44253f-c4a3-4340-9d37-d41e42b9d14a/4d9abe64-fd82-4cee-a08a-0873c6412c3e/300x300.jpg
Boucherie et Volaille,d7302e16-0cfd-4cd6-b02e-728e23d029d8,MPX_3058211,Monoprix Gourmet Rôti de Boeuf 800g,15.99,19.99,"['Boucherie et Volaille', 'Boucherie', 'Boucherie à la coupe']",Monoprix Gourmet,True,False,false,2.0,DAY,800,[],https://courses.monoprix.fr/images-v3/0c44253f-c4a3-4340-9d37-d41e42b9d14a/c2a851b6-3bef-4bf7-aa46-ee0ff67a76f1/300x300.jpg
Boucherie et Volaille,c5e6e668-bb97-488e-8c4a-dca90ca59519,MPX_3834842,Happyvore aiguillette végétale 150g,4.59,30.6,"['Boucherie et Volaille', 'Protéines végétales']",Happyvore,True,False,false,5.0,DAY,150g,['Produit vegan'],https://courses.monoprix.fr/images-v3/0c44253f-c4a3-4340-9d37-d41e42b9d14a/a26b87e2-c369-45dd-bebc-fc549e7063c9/300x300.jpg
Boucherie et Volaille,5f7a2534-be84-468a-84b0-efdfa606db33,MPX_1467560,Loué Escalope De Dinde X2 250G,6.35,25.39,"['Boucherie et Volaille', 'Volaille', 'Dinde']",LOUE,True,False,false,4.0,DAY,250,[],https://courses.monoprix.fr/images-v3/0c44253f-c4a3-4340-9d37-d41e42b9d14a/a2dac653-a0d7-438a-b3b0-e8523bdd8f24/300x300.jpg
Boucherie et Volaille,9aee2b00-2e09-4638-9f8e-5f2db6a07123,MPX_2852219,Garden Gourmet Carré gourmand Tomates et mozzarella 160g,4.15,25.94,"['Régimes alimentaires', 'Végétal', 'Protéine végétale']",Garden Gourmet,True,False,false,1.0,WEEK,160g,[],https://courses.monoprix.fr/images-v3/0c44253f-c4a3-4340-9d37-d41e42b9d14a/2a69a8d8-544c-4981-b414-e78141fc19a0/300x300.jpg
Boucherie et Volaille,938ca2f3-b569-4602-b0f8-f083e09f7ef4,MPX_1978952,Aiguillettes De Poulet Jaune X6 180G,6.89,38.28,"['Boucherie et Volaille', 'Volaille', 'Poulet']",FERMIERS DE LOUE,True,False,false,4.0,DAY,180g,[],https://courses.monoprix.fr/images-v3/0c44253f-c4a3-4340-9d37-d41e42b9d14a/33719ac7-3ad9-49ce-9194-9e8baeee95ba/300x300.jpg
Boucherie et Volaille,1521be40-df7a-4884-98b4-b45ac839ea9a,MPX_6567032,Accro steak végétal x2 200g,4.49,22.45,"['Boucherie et Volaille', 'Protéines végétales']",Accro,True,False,false,1.0,WEEK,200g,['Produit vegan'],https://courses.monoprix.fr/images-v3/0c44253f-c4a3-4340-9d37-d41e42b9d14a/f43f6c9f-4853-4f49-a4c6-4afdd822386a/300x300.jpg
Boucherie et Volaille,90e7f26a-c019-47fc-bbb0-6d08de9569f7,MPX_64304,Socopa Uvci Filet Mignon De Porc,8.99,19.99,"['Boucherie et Volaille', 'Boucherie', 'Porc']",NoBrand,True,False,false,3.0,DAY,449.5,[],https://courses.monoprix.fr/images-v3/0c44253f-c4a3-4340-9d37-d41e42b9d14a/05c0f961-40e5-4fe4-975c-a358b616f5e0/300x300.jpg
Boucherie et Volaille,24ca77f3-2096-47bd-b528-9f0bb4a177ed,MPX_3538122,Reghalal Aiguillette de Poulet 280g,3.88,16.89,"['Boucherie et Volaille', 'Volaille', 'Poulet']",REGHALAL,True,False,false,4.0,DAY,230,[],https://courses.monoprix.fr/images-v3/0c44253f-c4a3-4340-9d37-d41e42b9d14a/58a32799-5ee5-4fb6-a26e-ad9f42e9f695/300x300.jpg
Boucherie et Volaille,11a9887a-8c35-40d0-9660-e1d0711d357d,MPX_2368665,Père Dodu Nuggets De Filets De Poulet Longs 200G,2.89,14.45,"['Boucherie et Volaille', 'Volaille', 'Cordons bleus, nuggets et grignottes']",Père Dodu,True,False,false,1.0,WEEK,200g,[],https://courses.monoprix.fr/images-v3/0c44253f-c4a3-4340-9d37-d41e42b9d14a/dfafe1ec-1aec-49f1-b8b8-9d6e48b63f3e/300x300.jpg
Boucherie et Volaille,d8e136ec-b658-4052-9035-5cfc48e86741,MPX_1045764,"St Sever Coquelet Certifié Pac, Classe A, Éviscéré Sans Abats",7.31,13.29,"['Boucherie et Volaille', 'Volaille', 'Poulet']",St Sever,True,False,false,3.0,DAY,550,[],https://courses.monoprix.fr/images-v3/0c44253f-c4a3-4340-9d37-d41e42b9d14a/6dbfa68b-410b-4ba6-b808-3cd3388390a4/300x300.jpg
Boucherie et Volaille,8144b355-a3d1-43e8-a5e5-75d01638a14a,MPX_1863131,Socopa Uvci Os A Moelle,4.05,8.09,"['Boucherie et Volaille', 'Boucherie', 'Bœuf']",NoBrand,True,False,false,2.0,DAY,500,[],https://courses.monoprix.fr/images-v3/0c44253f-c4a3-4340-9d37-d41e42b9d14a/c7457396-075e-483f-abcf-e96fa79f3139/300x300.jpg
Boucherie et Volaille,18a33032-ad1f-4023-9800-d08e54387f3f,MPX_2738553,Monoprix Escalope Extrafine 120G,2.35,18.79,"['Boucherie et Volaille', 'Volaille', 'Dinde']",Monoprix,True,False,false,4.0,DAY,125,[],https://courses.monoprix.fr/images-v3/0c44253f-c4a3-4340-9d37-d41e42b9d14a/a5f3c3da-8267-4d3a-9227-62342a9b9d1e/300x300.jpg
Boucherie et Volaille,afe76c60-db52-4d32-ada6-5673ebf8e107,MPX_64297,Socopa Uvci Côte de Porc Échine x2 340g,3.71,10.59,"['Boucherie et Volaille', 'Boucherie', 'Porc']",NoBrand,True,False,false,3.0,DAY,350,[],https://courses.monoprix.fr/images-v3/0c44253f-c4a3-4340-9d37-d41e42b9d14a/ee5bf049-d5c3-4c84-86a5-2e8d9676c9bd/300x300.jpg
Boucherie et Volaille,a8bdcb1a-a372-4275-a377-0b2b6bece9ee,MPX_2547719,Charal Langue de Boeuf Sauce Piquante 300g,5.69,40.64,"['Boucherie et Volaille', 'Boucherie', 'Bœuf']",Charal,True,False,false,2.0,WEEK,140g,[],https://courses.monoprix.fr/images-v3/0c44253f-c4a3-4340-9d37-d41e42b9d14a/51c07bb9-8c02-4642-8ff3-513c42e78988/300x300.jpg
Boucherie et Volaille,02cac4c7-dff8-49ba-8b88-d644bf838590,MPX_6566173,Heura chipolats nature 216g,3.99,18.47,"['Boucherie et Volaille', 'Protéines végétales']",Heura,True,False,false,4.0,DAY,216g,[],https://courses.monoprix.fr/images-v3/0c44253f-c4a3-4340-9d37-d41e42b9d14a/a09d3c6a-fa79-4294-b407-2d4312010dcf/300x300.jpg
Boucherie et Volaille,f4cc85b8-78c0-458d-9daf-cfce30cf28d5,MPX_3837112,Roti Porc Filet 600G Pf,8.89,14.82,"['Boucherie et Volaille', 'Boucherie', 'Porc']",NoBrand,True,False,false,3.0,DAY,600g,[],https://courses.monoprix.fr/images-v3/0c44253f-c4a3-4340-9d37-d41e42b9d14a/3fab640e-5347-49d8-bd71-59ce7b5b6558/300x300.jpg
Boucherie et Volaille,9799fba8-d4fd-4069-88c9-3135c1bd9cb2,MPX_3550330,Monoprix Filets De Poulet Tranchés 250g,4.47,17.89,"['Boucherie et Volaille', 'Volaille', 'Poulet']",Monoprix,True,False,false,4.0,DAY,250,[],https://courses.monoprix.fr/images-v3/0c44253f-c4a3-4340-9d37-d41e42b9d14a/eee6b8d9-aa95-4892-85e6-71c2ac8ab669/300x300.jpg
Boucherie et Volaille,c3b884c1-83db-4fa1-9588-65fa6c271c7d,MPX_3526831,Monoprix Nuggets De Poulet 400G,4.99,12.48,"['Boucherie et Volaille', 'Volaille', 'Cordons bleus, nuggets et grignottes']",Monoprix,True,False,false,6.0,MONTH,400g,['Produit congelé'],https://courses.monoprix.fr/images-v3/0c44253f-c4a3-4340-9d37-d41e42b9d14a/1170542c-09d9-415b-a3ad-48a1931fe1a7/300x300.jpg
Boucherie et Volaille,a7d067d1-6ebe-41b1-868a-ae28c6f57eb5,MPX_6614049,Happyvore 2 Steaks Végétaux & Gourmands 200g,4.59,22.95,"['Régimes alimentaires', 'Végétal', 'Protéine végétale']",Happyvore,True,False,false,5.0,DAY,200g,[],https://courses.monoprix.fr/images-v3/0c44253f-c4a3-4340-9d37-d41e42b9d14a/7272a7dd-071c-4ca8-8641-720f50a0dff2/300x300.jpg
Boucherie et Volaille,003d1897-21e4-4b14-bc30-eaf25f344323,MPX_3183642,Charal Grand Cru Steaks hachés Race Limousine 2x130g,5.99,23.04,"['Boucherie et Volaille', 'Boucherie', 'Viandes hachées et farces']",Charal,True,False,false,3.0,DAY,260g,[],https://courses.monoprix.fr/images-v3/0c44253f-c4a3-4340-9d37-d41e42b9d14a/10ac50f0-9add-465d-972e-b862e62f3cfb/300x300.jpg
Boucherie et Volaille,80ac188c-cc51-4934-9dce-2c5bddc8303b,MPX_6619905,Accro à Cuisiner Émincés 100% végétal frais 160g,3.89,24.31,"['Régimes alimentaires', 'Végétal', 'Protéine végétale']",ACCRO,True,False,false,1.0,WEEK,160g,['Produit vegan'],https://courses.monoprix.fr/images-v3/0c44253f-c4a3-4340-9d37-d41e42b9d14a/a649990d-6c73-47e4-bdf2-aa93b8bb695f/300x300.jpg
Boucherie et Volaille,2f71c071-1b38-4020-b97f-a9525cb0bbef,MPX_4615679,Planted effiloché végétal barbecue 160g,3.99,24.94,"['Charcuterie et Traiteur', 'Traiteur végétal', 'Traiteur végétal']",Planted,True,False,false,1.0,WEEK,160g,[],https://courses.monoprix.fr/images-v3/0c44253f-c4a3-4340-9d37-d41e42b9d14a/2d013618-f0ac-4491-9a20-5bca38fa154a/300x300.jpg
Boucherie et Volaille,909a43c4-6aaf-4fd0-a66f-328f1e858bfa,MPX_2320334,Le Domaine D'Ernest Filet De Canard Sous Vide 350G,5.85,23.39,"['Boucherie et Volaille', 'Volaille', 'Canard et caille']",DOMAINE D'ERNEST,True,False,false,1.0,WEEK,250,[],https://courses.monoprix.fr/images-v3/0c44253f-c4a3-4340-9d37-d41e42b9d14a/265be178-066b-478b-9711-0430687b23c0/300x300.jpg
Boucherie et Volaille,78daf47e-c3d9-401c-8391-612e1a5b5209,MPX_3953531,Les Bons Morceaux Faux Filet x2 260g,7.39,28.42,"['Boucherie et Volaille', 'Boucherie', 'Bœuf']",NoBrand,True,False,false,3.0,DAY,260g,[],https://courses.monoprix.fr/images-v3/0c44253f-c4a3-4340-9d37-d41e42b9d14a/621722c2-8b44-46bf-a9d9-f35ef0b6bd51/300x300.jpg
Boucherie et Volaille,964f6fca-a616-4b9a-b753-391f0102e3b1,MPX_6678803,Fleury Michon Parmentier de Canard 300g,4.99,16.63,"['Boucherie et Volaille', 'Volaille', 'Canard et caille']",Fleury Michon,True,False,false,1.0,WEEK,300g,[],https://courses.monoprix.fr/images-v3/0c44253f-c4a3-4340-9d37-d41e42b9d14a/14bce595-3677-451e-9e70-ec3e7fb83136/300x300.jpg
Boucherie et Volaille,5a2a1ba8-7099-40b7-8ca7-c68dc6266543,MPX_1397950,Loué Cuisse de Poulet Fermier Blanc 480g,6.69,13.94,"['Boucherie et Volaille', 'Volaille', 'Poulet']",LOUE,True,False,false,4.0,DAY,480g,[],https://courses.monoprix.fr/images-v3/0c44253f-c4a3-4340-9d37-d41e42b9d14a/d288397f-08a2-41e4-ae7e-756df6c66f6b/300x300.jpg
Boucherie et Volaille,544b8a65-d7b9-4ace-a973-a3807dcfa58b,MPX_3875042,Le Gaulois Etui Nuggets Extra Croustillant 400g,5.19,12.98,"['Boucherie et Volaille', 'Volaille', 'Cordons bleus, nuggets et grignottes']",LE GAULOIS,True,False,false,1.0,WEEK,400g,[],https://courses.monoprix.fr/images-v3/0c44253f-c4a3-4340-9d37-d41e42b9d14a/6549540d-75b4-4c37-9c7f-cc7f24d836cd/300x300.jpg
Boucherie et Volaille,0e00b212-9c47-442b-98e3-a82b87557512,MPX_133390,"Charal Escalope De Veau Dans La Noix, Tendre Et Savoureux",10.23,34.09,"['Boucherie et Volaille', 'Boucherie', 'Veau et Agneau']",Charal,True,False,false,5.0,DAY,300,[],https://courses.monoprix.fr/images-v3/0c44253f-c4a3-4340-9d37-d41e42b9d14a/22cef436-10d1-4a29-8247-972f3e093bcb/300x300.jpg
Boucherie et Volaille,2734b5b8-cf5c-4251-9c38-48dc84d807b8,MPX_5509058,Beyond Meat Boulettes végétales 200g,4.99,24.95,"['Boucherie et Volaille', 'Protéines végétales']",BEYOND MEAT,True,False,false,2.0,DAY,200g,['Produit halal'],https://courses.monoprix.fr/images-v3/0c44253f-c4a3-4340-9d37-d41e42b9d14a/d43aa9a8-73ad-4b8f-9a8b-e50efabec3db/300x300.jpg
Boucherie et Volaille,4456a401-158c-47df-a6cc-130dd826077a,MPX_3953559,Mincerette de Porc x6 300g,4.59,15.3,"['Boucherie et Volaille', 'Boucherie', 'Porc']",SOCOPA,True,False,false,3.0,DAY,300g,[],https://courses.monoprix.fr/images-v3/0c44253f-c4a3-4340-9d37-d41e42b9d14a/cd5ef78e-443d-4b91-9cd4-ba3fc87d4591/300x300.jpg
Boucherie et Volaille,85e1e69e-ac16-4bcc-931e-d05513b694c2,MPX_5498876,Garden Gourmet Vuna 175 g,4.69,26.8,"['Régimes alimentaires', 'Végétal', 'Protéine végétale']",GARDEN GOURMET,True,False,false,4.0,WEEK,175g,"['Produit végétarien', 'Produit vegan']",https://courses.monoprix.fr/images-v3/0c44253f-c4a3-4340-9d37-d41e42b9d14a/3177bd20-7958-4245-9c4e-4a3310740feb/300x300.jpg
Boucherie et Volaille,c20b17c2-6600-4998-a1f5-9b49f1333d81,MPX_3513975,Monoprix Bio Escalope Fine De Poulet Fermier 150g,6.03,40.19,"['Bio', 'Boucherie et Volaille bio', 'Volaille bio']",Monoprix Bio,True,False,false,5.0,DAY,150,['Produit bio'],https://courses.monoprix.fr/images-v3/0c44253f-c4a3-4340-9d37-d41e42b9d14a/850933e3-2f0c-4904-acd1-15fd5eb2ac70/300x300.jpg
Boucherie et Volaille,5ac87586-d9a7-47a0-9cbc-14a11ac63a7e,MPX_3367907,Monoprix Gourmet Blanquette De Veau 400G,8.0,19.99,"['Boucherie et Volaille', 'Boucherie', 'Boucherie à la coupe']",Monoprix Gourmet,True,False,false,1.0,WEEK,400,[],https://courses.monoprix.fr/images-v3/0c44253f-c4a3-4340-9d37-d41e42b9d14a/7389ba8a-1db3-4992-b75e-d692d960083b/300x300.jpg
Boucherie et Volaille,900e5b18-1f8e-40c1-b851-f39518aeb5c8,MPX_4747131,Monoprix Gourmet Steak Haché 12%Mg 125G,3.09,24.72,"['Boucherie et Volaille', 'Boucherie', 'Boucherie à la coupe']",Monoprix Gourmet,True,False,false,3.0,DAY,125g,[],https://courses.monoprix.fr/images-v3/0c44253f-c4a3-4340-9d37-d41e42b9d14a/a1014581-8218-4d9e-a941-e6912ad6b4d0/300x300.jpg
Bébé,fdbd1e70-bf4e-4e5a-abdc-523c0988bce6,MPX_6596400,"Pampers premium protection taille 5, couches x34, 11kg - 16kg",19.9,0.59,"['Promotions', 'Les promos à ne pas manquer', 'Le 2ème à moins 50%']",Pampers,True,False,false,,,34 par pack,[],https://courses.monoprix.fr/images-v3/0c44253f-c4a3-4340-9d37-d41e42b9d14a/a229e23a-1b40-4555-9dd3-d3f44a3f3730/300x300.jpg
Bébé,deca6f9c-e1bc-4990-a796-f8b5daf8dddf,MPX_6582527,"Pampers premium protection taille 4, couches x39, 9kg - 14kg",19.9,0.51,"['Promotions', 'Les promos à ne pas manquer', 'Le 2ème à moins 50%']",Pampers,True,False,false,,,39 par pack,[],https://courses.monoprix.fr/images-v3/0c44253f-c4a3-4340-9d37-d41e42b9d14a/8591c72b-3c8f-4cc7-b8a3-e849071c110b/300x300.jpg
Bébé,6f181efe-4f56-4d80-858b-e3779a93134c,MPX_6699250,Pampers Harmonie Couches T4 x36,19.9,0.55,"['Promotions', 'Les promos à ne pas manquer', 'Le 2ème à moins 68%']",Pampers,True,False,false,,,36 par pack,[],https://courses.monoprix.fr/images-v3/0c44253f-c4a3-4340-9d37-d41e42b9d14a/f38b377a-2126-4436-8177-abd8d3f350d6/300x300.jpg
Bébé,1d515d4b-61b0-4ef0-b7dd-98f1e6334f52,MPX_6699253,Pampers Harmonie Couches Culottes T6 x24,20.9,0.87,"['Bébé', 'Couches, Culottes et Couches-culottes', 'Culottes et Couches-culottes', 'Couche-culottes et Culottes']",Pampers,True,False,false,,,24 par pack,[],https://courses.monoprix.fr/images-v3/0c44253f-c4a3-4340-9d37-d41e42b9d14a/adbd3807-d8e8-42eb-8363-3a101fadca3d/300x300.jpg
Bébé,5b736130-3ac4-4737-a3bb-5a0f13bb452a,MPX_6705235,Pampers Harmonie Couches T5 x31,20.9,0.67,"['Promotions', 'Les promos à ne pas manquer', 'Le 2ème à moins 68%']",Pampers,True,False,false,,,31 par pack,[],https://courses.monoprix.fr/images-v3/0c44253f-c4a3-4340-9d37-d41e42b9d14a/683e860f-5b8f-4f69-b716-6f5deaa8f50f/300x300.jpg
Bébé,ebf7d81b-7c16-44e7-ae66-a0c8bc210a63,MPX_6582522,"Pampers premium protection taille 3, couches x46, 6kg - 10kg",19.9,0.43,"['Promotions', 'Les promos à ne pas manquer', 'Le 2ème à moins 50%']",Pampers,True,False,false,,,46 par pack,[],https://courses.monoprix.fr/images-v3/0c44253f-c4a3-4340-9d37-d41e42b9d14a/1d74bf25-9e38-46a2-8699-cc5a65eef39e/300x300.jpg
Bébé,b16cccdb-9cab-4f61-b900-402fe1e53838,MPX_6564061,Pampers Harmonie Aqua Lingettes 3x48,9.99,0.07,"['Promotions', 'Les promos à ne pas manquer', 'Le 2ème à moins 68%']",Pampers,True,False,false,6.0,MONTH,3 x 48 par pack,[],https://courses.monoprix.fr/images-v3/0c44253f-c4a3-4340-9d37-d41e42b9d14a/0cb4aa68-8132-4130-a9b5-e207c31cd124/300x300.jpg
Bébé,2d6414e3-17e2-4b50-a375-b4b7ed7cb88a,MPX_6705236,Pampers Couches Harmonie Pants T4 x32,19.9,0.62,"['Promotions', 'Les promos à ne pas manquer', 'Le 2ème à moins 68%']",Pampers,True,False,false,,,32 par pack,[],https://courses.monoprix.fr/images-v3/0c44253f-c4a3-4340-9d37-d41e42b9d14a/c9f53f99-d704-4ca8-920c-d8d512295e9e/300x300.jpg
Bébé,79dad8a3-812e-43b5-9c90-6f7a08189978,MPX_3599706,Pampers Sensitive Lingettes Bébé 52 Lingettes,2.75,0.05,"['Promotions', 'Les promos à ne pas manquer', 'Le 2ème à moins 68%']",Pampers,True,False,false,6.0,MONTH,52 par pack,[],https://courses.monoprix.fr/images-v3/0c44253f-c4a3-4340-9d37-d41e42b9d14a/cd889be2-f505-480d-a481-1dbae9ddefe9/300x300.jpg
Bébé,2aaab784-a42c-4586-a49e-c69e3ca1d541,MPX_6699254,Pampers Harmonie Couches Culottes T5 x27,19.9,0.74,"['Bébé', 'Couches, Culottes et Couches-culottes', 'Culottes et Couches-culottes', 'Couche-culottes et Culottes']",Pampers,True,False,false,,,27 par pack,[],https://courses.monoprix.fr/images-v3/0c44253f-c4a3-4340-9d37-d41e42b9d14a/0f09e5c5-a27e-4de9-a156-bea7e9fa1bad/300x300.jpg
Bébé,e708c3e8-a16d-41c3-bb34-c3522b877629,MPX_6591486,Pampers baby-dry couches géant taille 6 - 34 couches,19.9,0.59,"['Promotions', 'Les promos à ne pas manquer', 'Le 2ème à moins 50%']",Pampers,True,False,false,,,34 par pack,[],https://courses.monoprix.fr/images-v3/0c44253f-c4a3-4340-9d37-d41e42b9d14a/88f28c72-46f4-4c55-a292-d04d82b5f45d/300x300.jpg
Bébé,3814a7f0-e77b-4a1e-badb-f0fb997bb041,MPX_6582509,"Pampers premium protection taille 2, couches x54, 4kg - 8kg",19.9,0.37,"['Promotions', 'Les promos à ne pas manquer', 'Le 2ème à moins 50%']",Pampers,True,False,false,,,54 par pack,[],https://courses.monoprix.fr/images-v3/0c44253f-c4a3-4340-9d37-d41e42b9d14a/a7f78320-9968-4af6-bf7f-d342f10e21fd/300x300.jpg
Bébé,f4096d20-bdd8-4db4-8a5a-1a1931fff0e0,MPX_3599704,Pampers Lingettes Fresh Clean X52,2.75,0.05,"['Bébé', 'Hygiène et Soin Bébé', 'Lingette et Coton']",Pampers,True,False,false,6.0,MONTH,52 par pack,[],https://courses.monoprix.fr/images-v3/0c44253f-c4a3-4340-9d37-d41e42b9d14a/6384392e-7599-4a8f-9bad-1180edb0b60c/300x300.jpg
Bébé,b3a3987f-36dc-4829-96aa-d9ecb5557399,MPX_3429894,Drynites Alèse Protège-Matelas Jetable Maxi Pack x12,11.9,0.99,"['Bébé', 'Puériculture et Accessoires Bébé', 'Linge']",Drynites,True,False,false,,,12 par pack,[],https://courses.monoprix.fr/images-v3/0c44253f-c4a3-4340-9d37-d41e42b9d14a/f5d9e58d-4585-412d-9f4c-c0532d3381f0/300x300.jpg
Bébé,2008372f-5790-4a31-a14f-c446c3a2e34a,MPX_6591485,Pampers Couches Baby-Dry Taille 5 x39,19.9,0.51,"['Promotions', 'Les promos à ne pas manquer', 'Le 2ème à moins 50%']",Pampers,True,False,false,,,39 par pack,[],https://courses.monoprix.fr/images-v3/0c44253f-c4a3-4340-9d37-d41e42b9d14a/6d063a6b-84eb-496b-b353-4d7a803cce0a/300x300.jpg
Bébé,fd92fc23-dc1b-44cc-babc-db4fe14a7e5a,MPX_6591487,Pampers Couches Bébé Taille 4 x47,19.9,0.42,"['Promotions', 'Les promos à ne pas manquer', 'Le 2ème à moins 50%']",Pampers,True,False,false,,,47 par pack,[],https://courses.monoprix.fr/images-v3/0c44253f-c4a3-4340-9d37-d41e42b9d14a/4da6bc55-447a-49d0-a5cf-2410cad528c3/300x300.jpg
Bébé,26418c53-1b3c-4b35-8b64-2c72a4646fda,MPX_6699252,Pampers Harmonie Couches T2 x48,19.9,0.41,"['Promotions', 'Les promos à ne pas manquer', 'Le 2ème à moins 68%']",Pampers,True,False,false,,,48 par pack,[],https://courses.monoprix.fr/images-v3/0c44253f-c4a3-4340-9d37-d41e42b9d14a/67ca1984-bffd-4454-801c-27ff4aa46748/300x300.jpg
Bébé,67f544f2-7c52-4647-8af0-1ce35d3eaaf5,MPX_6564048,Drynites® 8-15 Ans Garçon X16,15.5,0.97,"['Bébé', 'Couches, Culottes et Couches-culottes', 'Culottes et Couches-culottes', 'Culottes de nuit']",Drynites,True,False,false,,,16 par pack,[],https://courses.monoprix.fr/images-v3/0c44253f-c4a3-4340-9d37-d41e42b9d14a/d55f0896-0e5d-40bb-9507-a1e4e16d0dfd/300x300.jpg
Bébé,0b36c965-1c68-4d68-9f0e-9a5fc2f83c8a,MPX_6591488,"Pampers Baby-Dry Taille 3, 52 Couches, 6kg-10kg",19.9,0.38,"['Promotions', 'Les promos à ne pas manquer', 'Le 2ème à moins 50%']",Pampers,True,False,false,,,52 par pack,[],https://courses.monoprix.fr/images-v3/0c44253f-c4a3-4340-9d37-d41e42b9d14a/de552c5d-7035-49c1-b8f2-994da067580c/300x300.jpg
Bébé,827a8fc8-6aa8-4006-8702-a7d29a0a4785,MPX_6564427,Drynites® Sous-Vêtements de Nuit Absorbants Garçon 4-7ans x16,14.9,0.93,"['Bébé', 'Couches, Culottes et Couches-culottes', 'Culottes et Couches-culottes', 'Culottes de nuit']",Drynites,True,False,false,,,16 par pack,[],https://courses.monoprix.fr/images-v3/0c44253f-c4a3-4340-9d37-d41e42b9d14a/6748c49b-5dee-4e23-b081-87c8913ec5c9/300x300.jpg
Bébé,a396ce7b-da55-40aa-b6d9-dd67bc295d12,MPX_6591484,Pampers Baby-Dry Taille 4+ Pack de 40 Couches,19.9,0.5,"['Promotions', 'Les promos à ne pas manquer', 'Le 2ème à moins 50%']",Pampers,True,False,false,,,40 par pack,[],https://courses.monoprix.fr/images-v3/0c44253f-c4a3-4340-9d37-d41e42b9d14a/2f651c98-814b-42cb-a7eb-6c9c16b1aef7/300x300.jpg
Bébé,07fa6334-732f-4319-b490-ec83dbc993d4,MPX_6564047,Drynites® Culottes Fille 8-15 ans 27-57kg x13,15.5,1.19,"['Bébé', 'Couches, Culottes et Couches-culottes', 'Culottes et Couches-culottes', 'Culottes de nuit']",Huggies,True,False,false,,,13 par pack,[],https://courses.monoprix.fr/images-v3/0c44253f-c4a3-4340-9d37-d41e42b9d14a/4bb96699-7e11-482a-921f-614757fe27e3/300x300.jpg
Bébé,a7b2b7df-d458-4ca5-b215-9f00884b183b,MPX_6564743,Drynites® Sous-Vêtements De Nuits Absorbants Fille 4-7Ans X16,16.5,1.03,"['Promotions', 'Les promos à ne pas manquer', 'Le 2ème à moins 50%']",Drynites,True,False,false,,,16 par pack,[],https://courses.monoprix.fr/images-v3/0c44253f-c4a3-4340-9d37-d41e42b9d14a/3b37857f-f4da-4c1c-8478-470cffbeff1e/300x300.jpg
Bébé,ddfddb3a-b9a2-4316-b414-f2be115e151f,MPX_1068,"Evian Eau Minérale Naturelle 6x1,5L",4.19,0.47,"['Bébé', 'Alimentation bébé', 'Eau']",Evian,True,False,false,1.0,MONTH,6 x 1.5L,[],https://courses.monoprix.fr/images-v3/0c44253f-c4a3-4340-9d37-d41e42b9d14a/e98b41c7-10c4-4a1d-b780-ac06f283b9a6/300x300.jpg
Bébé,e9e76e50-3b87-4641-84f3-ed2f5e63008d,MPX_3611456,Mont Roucous Eau Minérale Naturelle 6x1L,3.39,0.57,"['Bébé', 'Alimentation bébé', 'Eau']",Mont roucous,True,False,false,1.0,MONTH,6 x 1L,[],https://courses.monoprix.fr/images-v3/0c44253f-c4a3-4340-9d37-d41e42b9d14a/b8c11eb8-6486-44ad-ac3b-ce7b3e3c232f/300x300.jpg
Bébé,14f60f2b-807c-46d0-b482-4f91a9da94fe,MPX_727858,Evian eau minérale naturelle 6x1L,3.59,0.6,"['Bébé', 'Alimentation bébé', 'Eau']",Evian,True,False,false,1.0,MONTH,6 x 1L,[],https://courses.monoprix.fr/images-v3/0c44253f-c4a3-4340-9d37-d41e42b9d14a/d8c232ab-488e-4a8a-bb50-83fffdd88900/300x300.jpg
Bébé,5ac14665-1a14-47d4-8fb1-cd416e356f03,MPX_1069,Evian Eau Minérale Naturelle Plastique Recyclé 6x50cl,2.95,0.98,"['Bébé', 'Alimentation bébé', 'Eau']",Evian,True,False,false,1.0,MONTH,6 x 50cl,[],https://courses.monoprix.fr/images-v3/0c44253f-c4a3-4340-9d37-d41e42b9d14a/f4ea8ff2-4033-4859-88c8-e53eaf916978/300x300.jpg
Bébé,e546a230-1f54-49d4-895e-63e0e5eba980,MPX_3221709,Monoprix Bébé Maxi rectangles cotons 2x80,2.99,2.99,"['Nos sélections', 'Inspiration du moment', '& Sélection gros formats', 'Hygiène et Beauté']",Monoprix Bébé,True,False,false,,,,[],https://courses.monoprix.fr/images-v3/0c44253f-c4a3-4340-9d37-d41e42b9d14a/8530357a-0612-4ab4-bbe1-51a6331c3e69/300x300.jpg
Bébé,73119b12-27c8-4721-8376-6555e82471db,MPX_2443043,Monoprix Eau minérale des Alpes 6x50cl,1.99,0.66,"['Bébé', 'Alimentation bébé', 'Eau']",Monoprix,True,False,false,1.0,MONTH,6 x 50cl,[],https://courses.monoprix.fr/images-v3/0c44253f-c4a3-4340-9d37-d41e42b9d14a/ef3c1d26-9291-4e70-956c-bed97fea3e4c/300x300.jpg
Bébé,c2da4c82-015f-4730-978a-73f711dc604c,MPX_5135335,Good Gout Fraise Banane 120 g - Dès Mois,1.85,15.42,"['Bébé', 'Bébé bio', 'Dessert aux Fruits et Lacté bio', 'Dessert aux Fruits bio']",Good goût,True,False,false,2.0,MONTH,120g,['Produit bio'],https://courses.monoprix.fr/images-v3/0c44253f-c4a3-4340-9d37-d41e42b9d14a/abc0849e-0b98-4e0a-8c5f-afadc01e347c/300x300.jpg
Bébé,2dcd65da-c703-44af-8fd6-9c627a4faf78,MPX_3114227,Monoprix Bio Compote pomme banane sans sucres ajoutés Dès 5 mois 4x100g,2.15,5.38,"['Bébé', 'Bébé bio', 'Dessert aux Fruits et Lacté bio', 'Dessert aux Fruits bio']",Monoprix Bio,True,False,false,2.0,MONTH,4 x 100g,['Produit bio'],https://courses.monoprix.fr/images-v3/0c44253f-c4a3-4340-9d37-d41e42b9d14a/6399db2d-4af6-4272-bf60-c25fa54d429e/300x300.jpg
Bébé,4ead2cbf-77e1-4b83-8d5e-ff2b3b5f76dc,MPX_3292041,Nestlé P'Tit Brassé Nature Bio 4x90g,2.99,8.31,"['Bébé', 'Bébé bio', 'Dessert aux Fruits et Lacté bio', 'Dessert Lacté bio']",P'ti Brassé,True,False,false,2.0,MONTH,4 x 90g,"['Produit végétarien', 'Produit bio']",https://courses.monoprix.fr/images-v3/0c44253f-c4a3-4340-9d37-d41e42b9d14a/9ef25a68-2079-4238-a877-3fa44026b144/300x300.jpg
Bébé,1d6686dc-6eab-4bb3-a9c3-8194894280e8,MPX_5313362,Good Goût Baby Compote Pêche Poire Dès 4 Mois Bio 120g,1.75,14.58,"['Bébé', 'Alimentation bébé', 'Dessert aux Fruits', 'Gourde et Doypack']",Good goût,True,False,false,2.0,MONTH,120g,['Produit bio'],https://courses.monoprix.fr/images-v3/0c44253f-c4a3-4340-9d37-d41e42b9d14a/f727f9c6-e085-411d-93a0-b7fde14aaf1b/300x300.jpg
Bébé,88188678-eaff-4fe0-87e0-767a7a66f88e,MPX_2837572,Good Goût Dessert Brassé Poire Vanille Bio Dès 6 Mois 90g,1.85,20.56,"['Bébé', 'Bébé bio', 'Dessert aux Fruits et Lacté bio', 'Dessert Lacté bio']",Good Goût,True,False,false,2.0,MONTH,90g,"['Produit végétarien', 'Produit bio']",https://courses.monoprix.fr/images-v3/0c44253f-c4a3-4340-9d37-d41e42b9d14a/0755d919-c771-4ce1-9435-e1b6f79f71ab/300x300.jpg
Bébé,74d1016b-c57d-4edb-bf5d-c4656cf39550,MPX_3114228,Monoprix Bio Compote pommes poires sans sucres ajoutés Dès 4 mois 4x100g,2.15,5.38,"['Bébé', 'Bébé bio', 'Dessert aux Fruits et Lacté bio', 'Dessert aux Fruits bio']",Monoprix Bio,True,False,false,2.0,MONTH,4 x 100g,['Produit bio'],https://courses.monoprix.fr/images-v3/0c44253f-c4a3-4340-9d37-d41e42b9d14a/a6781eed-5766-4bcb-9650-f3d276c00a24/300x300.jpg
Bébé,866f7caa-c528-46f7-b951-73fb36f5f3b3,MPX_2810851,Monoprix Bébé Papier Toilette Humide X60,1.89,1.89,"['Nos sélections', 'Inspiration du moment', '& Jeunes Parents', 'Lingettes']",Monoprix Bébé,True,False,false,,,,[],https://courses.monoprix.fr/images-v3/0c44253f-c4a3-4340-9d37-d41e42b9d14a/17621e8c-0c98-4d85-a2cc-e03ca13baa25/300x300.jpg
Bébé,4a050b26-74ff-4812-845d-a7f43154f4ad,MPX_2092338,Biolane Lingettes Epaisses H2O Recharge x72,3.45,0.05,"['Nos sélections', 'Inspiration du moment', '& Jeunes Parents', 'Lingettes']",Biolane,True,False,false,6.0,MONTH,72 par pack,[],https://courses.monoprix.fr/images-v3/0c44253f-c4a3-4340-9d37-d41e42b9d14a/c20971f7-ebdc-4cb2-bfca-1f4438d933e9/300x300.jpg
Bébé,0bad6b27-edea-42c7-9161-400c71bd403f,MPX_1864463,"Babybio Petits pots maïs riz, petits pois, dès 6 mois, bio 2x200g",3.39,8.48,"['Naturalia', 'Bébé', 'Alimentation Bébé']",Babybio,True,False,false,6.0,MONTH,2 x 200g,['Produit bio'],https://courses.monoprix.fr/images-v3/0c44253f-c4a3-4340-9d37-d41e42b9d14a/d2260542-537d-4380-b9db-a2403937ca25/300x300.jpg
Bébé,e72181ff-21d3-4cb7-ad02-ea1e6dd08c7f,MPX_1864460,"Babybio Petits pots carottes potimarron & riz, dès 6mois, bio 2x200g",3.39,8.48,"['Naturalia', 'Bébé', 'Alimentation Bébé']",Babybio,True,False,false,6.0,MONTH,2 x 200g,['Produit bio'],https://courses.monoprix.fr/images-v3/0c44253f-c4a3-4340-9d37-d41e42b9d14a/ae27f42e-1dab-4efb-b618-66cc835339e5/300x300.jpg
Bébé,790bf08b-56ed-43d4-ab70-9007669c0eee,MPX_3221706,Monoprix Bébé BIO Maxi rectangles cotons x60,2.15,2.15,"['Bébé', 'Bébé bio', 'Couche écologique et Soin bio', 'Soin bio']",Monoprix bébé,True,False,false,,,,['Produit bio'],https://courses.monoprix.fr/images-v3/0c44253f-c4a3-4340-9d37-d41e42b9d14a/55691302-2c2c-42ee-a048-803b8a26ea4e/300x300.jpg
Bébé,6d7f995f-1624-4214-844e-b826d22e6147,MPX_5176247,Biolane Lingettes Visage Et Main X20,2.09,0.1,"['Bébé', 'Hygiène et Soin Bébé', 'Lingette et Coton']",Biolane,True,False,false,1.0,YEAR,20 par pack,[],https://courses.monoprix.fr/images-v3/0c44253f-c4a3-4340-9d37-d41e42b9d14a/fcf6b906-42a8-4178-9685-bf89c4e2d3db/300x300.jpg
Bébé,3dc213ca-7ad7-40a5-b1ee-f3b3e3a12dea,MPX_3537028,[Par Naturalia]  Babybio Dessert Brassé Bio Coco Pomme d'Aquitaine Poire Dès 6 mois 4x85g,5.55,16.32,"['Naturalia', 'Bébé', 'Alimentation Bébé']",Babybio,True,False,false,2.0,MONTH,4 x 85g,['Produit bio'],https://courses.monoprix.fr/images-v3/0c44253f-c4a3-4340-9d37-d41e42b9d14a/67932a3f-1148-4146-97fc-bcc779ebe319/300x300.jpg
Bébé,53838346-054f-400e-b7dd-53d3b06da0f4,MPX_3550553,"Blédina Farandole de Carottes et Pâtes Coquilles, dès 18 Mois 250g",1.75,7.0,"['Nos sélections', 'Inspiration du moment', '& Jeunes Parents', 'Alimentation']",Blédina,True,False,false,2.0,MONTH,250g,['Produit végétarien'],https://courses.monoprix.fr/images-v3/0c44253f-c4a3-4340-9d37-d41e42b9d14a/6e70493d-c6dc-4c07-a925-a23a68add4de/300x300.jpg
Bébé,e425bfdb-b46a-4866-910a-4cad51625af7,MPX_3872404,Hipp Petits pots gratin lasagnes au Céléri Bébé dès 8 mois Bio 2x190g,3.95,10.39,"['Naturalia', 'Bébé', 'Alimentation Bébé']",Hipp Biologique,True,False,false,6.0,MONTH,2 x 190g,['Produit bio'],https://courses.monoprix.fr/images-v3/0c44253f-c4a3-4340-9d37-d41e42b9d14a/9cf5bb67-70f4-433b-9673-3b1cfa143405/300x300.jpg
Bébé,ef88a6c1-6663-4845-ae9d-f79db2f33d91,MPX_2122248,Babybio pot pour bébé panais 4 mois bio 260g,2.89,11.12,"['Naturalia', 'Bébé', 'Alimentation Bébé']",Babybio,True,False,false,6.0,MONTH,260g,['Produit bio'],https://courses.monoprix.fr/images-v3/0c44253f-c4a3-4340-9d37-d41e42b9d14a/89db08a3-3a1e-420e-9759-d9e42e739d06/300x300.jpg
Bébé,49b86deb-8b50-42b9-8bb6-356c3ac77008,MPX_6734659,Good Goût kidz Velouté courge lentilles corail 190g,2.99,15.74,"['Bébé', 'Alimentation bébé', 'Repas à base de légume', 'De 6 à 12 mois']",GOOD GOUT KIDZ,True,False,false,6.0,MONTH,190g,['Produit bio'],https://courses.monoprix.fr/images-v3/0c44253f-c4a3-4340-9d37-d41e42b9d14a/09c504fe-74be-4c9b-8a95-95d2dd6dda21/300x300.jpg
Bébé,19dc526d-6873-4afc-897d-419af0e4116d,MPX_3550547,Blédina Bledichef plat couscous Dès 12 Mois 2x230g,3.89,8.46,"['Bébé', 'Alimentation bébé', 'Repas à base de légume', '12 mois et plus']",Blédina,True,False,false,2.0,MONTH,2 x 230g,[],https://courses.monoprix.fr/images-v3/0c44253f-c4a3-4340-9d37-d41e42b9d14a/5e806ea5-7d74-474f-8bad-8cefb37d4300/300x300.jpg
Bébé,7b06e873-7368-4f72-af44-74f9ab068471,MPX_3306342,[Par Naturalia]  Good Goût Biscuits Carrés Banane 8M 50G Bio,3.49,69.8,"['Bébé', 'Bébé bio', 'Biscuit bio']",Good Goût,True,False,false,2.0,MONTH,50g,['Produit bio'],https://courses.monoprix.fr/images-v3/0c44253f-c4a3-4340-9d37-d41e42b9d14a/9696a547-7bb0-4e71-830c-371a3d3c1200/300x300.jpg
Bébé,c1fca8c5-5b11-435f-991f-3e185c2f2053,MPX_3939068,"Babynat Plat Carotte, Pomme de Terre & Cabillaud dès 15M 220g",2.55,11.59,"['Naturalia', 'Bébé', 'Alimentation Bébé']",Babynat,True,False,false,2.0,MONTH,220g,['Produit bio'],https://courses.monoprix.fr/images-v3/0c44253f-c4a3-4340-9d37-d41e42b9d14a/3c646742-da19-4812-be11-4f179bcd9717/300x300.jpg
Bébé,6bc34b14-7bfa-488a-993d-44f694a7b208,MPX_3418081,"Blédina Mon 1er Biscuit Au Blé Complet, dès 10 Mois à Croquer, Bio 150g",4.15,27.67,"['Bébé', 'Bébé bio', 'Biscuit bio']",Blédina,True,False,false,2.0,MONTH,150g,"['Produit végétarien', 'Produit bio']",https://courses.monoprix.fr/images-v3/0c44253f-c4a3-4340-9d37-d41e42b9d14a/102c533a-9af2-41f5-8769-fa8cd65e4668/300x300.jpg
Bébé,ff6f2c21-c139-4193-961e-9b8d26d02260,MPX_3392252,Monoprix Bébé Couches Taille 5 Megapack X88,17.9,0.2,"['Bébé', 'Monoprix Bébé', 'Couches et Culottes']",Monoprix Bébé,True,False,false,,,88 par pack,[],https://courses.monoprix.fr/images-v3/0c44253f-c4a3-4340-9d37-d41e42b9d14a/2e31d050-fa44-4e52-97fd-0b28fe6e035b/300x300.jpg
Bébé,0d5f912c-baf5-434c-a8ab-8b8b298f4296,MPX_4262746,Monoprix bébé couches nouveaux nés taille1 x27,4.99,0.18,"['Nos sélections', 'Inspiration du moment', '& Jeunes Parents', 'Couches']",Monoprix,True,False,false,,,27 x 1 par pack,[],https://courses.monoprix.fr/images-v3/0c44253f-c4a3-4340-9d37-d41e42b9d14a/c46bbecb-4135-4078-a85d-d123c64615c3/300x300.jpg
Bébé,97812420-514a-4459-a077-507176e6e528,MPX_4124763,Good Goût Purée de Fruits Bio 99% Poire Williams Dès 4M 4x85g,5.35,62.94,"['Bébé', 'Bébé bio', 'Dessert aux Fruits et Lacté bio', 'Dessert aux Fruits bio']",Good Goût,True,False,false,2.0,MONTH,85g,"['Produit végétarien', 'Produit bio']",https://courses.monoprix.fr/images-v3/0c44253f-c4a3-4340-9d37-d41e42b9d14a/18711b52-55d9-45ec-afc1-889a456a9fc5/300x300.jpg
Bébé,3e332927-3e4c-4b85-aca5-14ac4de5474f,MPX_3318322,"Babybio Pots De Carotte, Potimarron Et Truite 8 Mois Et + 400g",4.35,10.88,"['Naturalia', 'Bébé', 'Alimentation Bébé']",Babybio,True,False,false,6.0,MONTH,2 x 200g,['Produit bio'],https://courses.monoprix.fr/images-v3/0c44253f-c4a3-4340-9d37-d41e42b9d14a/f224ff45-7344-40d8-9abb-74f667077065/300x300.jpg
Bébé,17a6e11e-76b6-45b3-bd6f-3848d02dce71,MPX_6123461,Blédina petit plat duo de carottes et pâtes aux épices douces au poulet 200g,2.95,14.75,"['Nos sélections', 'Inspiration du moment', '& Jeunes Parents', 'Alimentation']",Blédina,True,False,false,2.0,MONTH,200g,[],https://courses.monoprix.fr/images-v3/0c44253f-c4a3-4340-9d37-d41e42b9d14a/c77e452c-4c3d-4410-8131-d098f2d203cc/300x300.jpg
Bébé,bffcab7d-b9ab-498c-8049-865bd306e292,MPX_6626291,Babybio gourdes multi-parfums bio 6+ mois 8x 90g,7.99,11.1,"['Bébé', 'Alimentation bébé', 'Dessert aux Fruits', 'Gourde et Doypack']",Babybio,True,False,false,2.0,MONTH,720g,['Produit bio'],https://courses.monoprix.fr/images-v3/0c44253f-c4a3-4340-9d37-d41e42b9d14a/e6ab282c-16a3-4359-a512-1345df516f18/300x300.jpg
Bébé,fdbd9ddf-e226-4fd9-bfb4-29d9a6b8fb2f,MPX_3303596,Blédina lait de croissance Bio le pack de 6x1L,16.9,2.82,"['Bébé', 'Bébé bio', 'Lait et Céréales bio', 'Lait croissance bio']",Blédina,True,False,false,2.0,MONTH,6 x 1L,['Produit bio'],https://courses.monoprix.fr/images-v3/0c44253f-c4a3-4340-9d37-d41e42b9d14a/d315a126-747d-4e6d-a6a1-542ed6cb1814/300x300.jpg
Bébé,0fd470bc-f305-4227-8fe8-9856864bad54,MPX_3550557,"Blédina Petites Pâtes et Boeuf Façon Bourguignon, dès 18 Mois 250g",2.39,9.56,"['Bébé', 'Alimentation bébé', 'Repas à base de viande ou poisson', '12 mois et plus']",Blédina,True,False,false,2.0,MONTH,250g,[],https://courses.monoprix.fr/images-v3/0c44253f-c4a3-4340-9d37-d41e42b9d14a/5fec1421-09bc-4054-9ce6-d3285291f02b/300x300.jpg
Bébé,0d5bbd83-005a-4c22-baa8-48625815ba41,MPX_3443220,"Hipp Biologique Risotto Légumes Petits Pois Poulet Bio, Dès 18 Mois",3.73,14.35,"['Naturalia', 'Bébé', 'Alimentation Bébé']",Hipp Biologique,True,False,false,2.0,MONTH,260g,['Produit bio'],https://courses.monoprix.fr/images-v3/0c44253f-c4a3-4340-9d37-d41e42b9d14a/3509b92a-303d-4c75-95de-24304d436654/300x300.jpg
Bébé,958683c4-17a7-4d3a-b884-88d2aeb1a6de,MPX_3623011,[Para] Klorane Bébé Lingettes Nettoyantes Douces Peau normale à sèche x70 Unités,3.89,8.74,"['Parapharmacie', 'Bébé et Maman', 'Toilette bébé']",KLORANE,True,False,false,1.0,YEAR,445ml,[],https://courses.monoprix.fr/images-v3/0c44253f-c4a3-4340-9d37-d41e42b9d14a/66e3f4db-3808-4992-85fd-1c79230d16b5/300x300.jpg
Bébé,6d34f91d-04c8-461f-974f-c2fee9dea1af,MPX_3550550,Blédina Hachis Parmentier des Tout-Petits dès 12 Mois 230g,1.69,7.35,"['Bébé', 'Alimentation bébé', 'Repas à base de viande ou poisson', '12 mois et plus']",Blédina,True,False,false,2.0,MONTH,230g,['Produit bio'],https://courses.monoprix.fr/images-v3/0c44253f-c4a3-4340-9d37-d41e42b9d14a/2a346b16-c58d-4d33-b972-6b73a5cb9b60/300x300.jpg
Bébé,10160aec-d0ae-4ad4-8c5f-9ed54c22b252,MPX_3939083,Babybio Bols Légumes dinde riz 2 x 200g,3.79,9.48,"['Bébé', 'Bébé bio', 'Repas à base de légume bio', 'De 6 à 12 mois']",Babybio,True,False,false,2.0,MONTH,2 x 200g,['Produit bio'],https://courses.monoprix.fr/images-v3/0c44253f-c4a3-4340-9d37-d41e42b9d14a/d1d8a981-9f01-4aea-a1f7-b2f0dce3ea18/300x300.jpg
Bébé,e235f717-7b68-41e2-ba2b-332aa46f6b21,MPX_3742382,Les Récoltes Bio Carottes Butternut Patate Douce Poulet dès 12 Mois 230g,3.19,13.87,"['Bébé', 'Bébé bio', 'Repas à base de viande ou poisson bio', '12 mois et plus']",Blédina,True,False,false,2.0,MONTH,230g,['Produit bio'],https://courses.monoprix.fr/images-v3/0c44253f-c4a3-4340-9d37-d41e42b9d14a/743b982d-1759-4d39-a72e-36e77c100970/300x300.jpg
Bébé,86ff2132-ee55-45ae-a6f0-36f030824b4e,MPX_6721770,Babybio Petit Beurre - Farine de nos régions Bio 120g,3.45,28.75,"['Bébé', 'Alimentation bébé', 'Biscuit', '12 mois et plus']",Babybio,True,False,false,2.0,MONTH,120g,['Produit bio'],https://courses.monoprix.fr/images-v3/0c44253f-c4a3-4340-9d37-d41e42b9d14a/b5fb3c89-2ed3-4475-8655-82b7b69b342d/300x300.jpg
Bébé,ca7ca8f2-c83e-4a63-89b7-596b9c687488,MPX_6613840,Nestlé Babicao Boîte 400g,5.39,13.48,"['Bébé', 'Alimentation bébé', 'Lait et Céréales', 'Céréales']",Babicao,True,False,false,2.0,MONTH,400g,[],https://courses.monoprix.fr/images-v3/0c44253f-c4a3-4340-9d37-d41e42b9d14a/22dbbca1-ca9f-4593-ba72-8ec683cc7af2/300x300.jpg
Bébé,52dda484-bfe1-4700-a111-b3bc5afb95e1,MPX_3550570,Blédina Mouliné de Carottes et Semoule dès 12 Mois 230g,1.75,7.61,"['Bébé', 'Alimentation bébé', 'Repas à base de légume', '12 mois et plus']",Blédina,True,False,false,2.0,MONTH,230g,[],https://courses.monoprix.fr/images-v3/0c44253f-c4a3-4340-9d37-d41e42b9d14a/aa20612c-e67b-4a16-a809-fafa644656fc/300x300.jpg
Bébé,12eecc4a-0f92-42c2-a5b0-6acae66f023a,MPX_3860497,Babybio Gourde Brassé Avoine Banane 4X85G,5.49,16.15,"['Bébé', 'Bébé bio', 'Dessert aux Fruits et Lacté bio', 'Dessert Lacté bio']",Babybio,True,False,false,2.0,MONTH,4 x 85g,['Produit bio'],https://courses.monoprix.fr/images-v3/0c44253f-c4a3-4340-9d37-d41e42b9d14a/a72e8e31-c9a0-4cbe-8472-22c3d1a48223/300x300.jpg
Bébé,55409738-4956-49c3-b22a-c0891e08a9b4,MPX_3537024,Babybio Dessert Pomme d'Aquitaine Banane & Lait de Coco Dès 6 mois 2x130g,2.95,11.35,"['Naturalia', 'Bébé', 'Alimentation Bébé']",Babybio,True,False,false,6.0,MONTH,2 x 130g,['Produit bio'],https://courses.monoprix.fr/images-v3/0c44253f-c4a3-4340-9d37-d41e42b9d14a/9f2ad20c-32b6-444c-b121-9615af77c5e0/300x300.jpg
Bébé,4036c2cd-c02b-40b9-bce8-3a5499d82d65,MPX_3860493,Babybio Gourde Poire Banane Millet 4X90g,4.04,11.22,"['Bébé', 'Bébé bio', 'Dessert aux Fruits et Lacté bio', 'Dessert aux Fruits bio']",Babybio,True,False,false,2.0,MONTH,4 x 90g,['Produit bio'],https://courses.monoprix.fr/images-v3/0c44253f-c4a3-4340-9d37-d41e42b9d14a/553c1800-86fe-4229-9bd4-4a160a73ff37/300x300.jpg
Bébé,691f019b-294a-4ec8-900d-f9f2308103a0,MPX_3392247,Monoprix Bébé Couches Taille 3 x56,11.5,0.21,"['Bébé', 'Monoprix Bébé', 'Couches et Culottes']",Monoprix Bébé,True,False,false,,,56 par pack,[],https://courses.monoprix.fr/images-v3/0c44253f-c4a3-4340-9d37-d41e42b9d14a/e45d678a-b639-4312-bc50-17a0b84be4b7/300x300.jpg
Bébé,3d0651b2-c722-441e-a933-8d41e067157d,MPX_3789745,Guigoz Lait de Croissance Bio 3ème âge 6x500 ml,13.9,4.63,"['Bébé', 'Bébé bio', 'Lait et Céréales bio', 'Lait croissance bio']",GUIGOZ,True,False,false,2.0,MONTH,6 x 500ml,['Produit bio'],https://courses.monoprix.fr/images-v3/0c44253f-c4a3-4340-9d37-d41e42b9d14a/6f426cf9-7d29-4296-8ad0-793b43ee7585/300x300.jpg
Bébé,249050d8-23fd-4efb-88c6-30ae346d887d,MPX_3742385,Les Récoltes Bio Mijoté de Tomates Boulghour et Boeuf dès 12 Mois 230g,3.59,15.61,"['Bébé', 'Bébé bio', 'Repas à base de viande ou poisson bio', '12 mois et plus']",Blédina,True,False,false,2.0,MONTH,230g,['Produit bio'],https://courses.monoprix.fr/images-v3/0c44253f-c4a3-4340-9d37-d41e42b9d14a/eaa9f903-e1c3-4083-882d-9526fbd512cb/300x300.jpg
Bébé,b2dfd85a-fecc-48d8-81fa-c07178274529,MPX_3355526,Monoprix Bébé Couches écologiques Taille 4 x32,12.5,0.35,"['Bébé', 'Monoprix Bébé', 'Couches et Culottes']",Monoprix bébé,True,False,false,,,36 par pack,[],https://courses.monoprix.fr/images-v3/0c44253f-c4a3-4340-9d37-d41e42b9d14a/c027e6af-a104-4aa8-b750-f672d1cb8f64/300x300.jpg
Bébé,c12ffde7-cfeb-4b03-9e97-b68a1dbd0830,MPX_6712437,Babybio Ravioli Emmental sauce Patate douce pointe de fromage de Chèvre 190g,2.39,12.58,"['Bébé', 'Bébé bio', 'Repas à base de légume bio', 'De 6 à 12 mois']",Babybio,True,False,false,2.0,MONTH,190g,['Produit bio'],https://courses.monoprix.fr/images-v3/0c44253f-c4a3-4340-9d37-d41e42b9d14a/9ed0f3f3-9e54-4186-8ba1-f53215dcb9cb/300x300.jpg
Bébé,0918034a-401e-410b-a6db-5cf363248d00,MPX_3292004,Blédina Yaourt Les Brassés Vanille de 6 à 36 Mois 6x95g,4.15,7.28,"['Bébé', 'Alimentation bébé', 'Dessert Lacté', 'Coupelle']",Blédina,True,False,false,1.0,MONTH,6 x 95g,[],https://courses.monoprix.fr/images-v3/0c44253f-c4a3-4340-9d37-d41e42b9d14a/1b608c5b-cf3d-4460-95b4-47adf43f125f/300x300.jpg
Bébé,b4598d22-9762-47b1-aa2b-e22e62816d74,MPX_2810846,Monoprix Bébé Lingettes Sensitive 2X64,3.95,3.95,"['Nos sélections', 'Inspiration du moment', '& Jeunes Parents', 'Lingettes']",Monoprix Bébé,True,False,false,,,,[],https://courses.monoprix.fr/images-v3/0c44253f-c4a3-4340-9d37-d41e42b9d14a/f85058b1-42d3-4839-a0ea-6ecb9ce4a744/300x300.jpg
Bébé,8e7415a2-83bd-47b9-aacb-82ea90a15210,MPX_3706100,Galliagest lait premium 1 de 6-12 mois 820 g,22.5,27.44,"['Bébé', 'Alimentation bébé', 'Lait et Céréales', 'Lait 2ème âge']",Laboratoire gallia,True,False,false,2.0,MONTH,820g,[],https://courses.monoprix.fr/images-v3/0c44253f-c4a3-4340-9d37-d41e42b9d14a/55b4d6ba-2624-48bd-90e1-6a4ad7abed82/300x300.jpg
Bébé,49dc4a98-f737-4064-9bd0-346da11aac6f,MPX_5272009,Nestlé P'tit onctueux Banane dès 6 mois 4x90g,2.39,6.64,"['Bébé', 'Alimentation bébé', 'Dessert Lacté', 'Coupelle']",P'TIT ONCTUEUX,True,False,false,2.0,MONTH,4 x 90g,['Produit végétarien'],https://courses.monoprix.fr/images-v3/0c44253f-c4a3-4340-9d37-d41e42b9d14a/4070704d-7469-4592-aacc-af0c774ce7b3/300x300.jpg
Bébé,5f7fe023-09bf-47e9-bb37-af55314caf89,MPX_3392246,Monoprix Bébé Couches Taille 2 x35,5.75,0.16,"['Bébé', 'Monoprix Bébé', 'Couches et Culottes']",Monoprix Bébé,True,False,false,,,35 par pack,[],https://courses.monoprix.fr/images-v3/0c44253f-c4a3-4340-9d37-d41e42b9d14a/cf15e117-d894-455e-988f-4c2e84fdc52d/300x300.jpg
Bébé,ec012af4-4da6-4df7-8b62-addc27b633e5,MPX_1978857,Blédina Plat Blédiner Carottes & Patates Douces Dès 8 Mois 2x200g,2.85,7.13,"['Bébé', 'Alimentation bébé', 'Repas du soir']",Blédina,True,False,false,2.0,MONTH,2 x 200g,[],https://courses.monoprix.fr/images-v3/0c44253f-c4a3-4340-9d37-d41e42b9d14a/d50efd07-0253-4f93-947c-25809e27d650/300x300.jpg
Bébé,663b1047-e4ae-4f9a-881e-b4ba03dfa1a5,MPX_6624414,Hipp Biologique La Mamma Ravioli Légumes variés Mozzarella Basilic 250g,3.29,13.16,"['Bébé', 'Bébé bio', 'Repas à base de légume bio', '12 mois et plus']",Hipp Biologique,True,False,false,2.0,MONTH,250g,['Produit bio'],https://courses.monoprix.fr/images-v3/0c44253f-c4a3-4340-9d37-d41e42b9d14a/9f31ba6d-2363-4ad3-b6bf-3d3971def4bd/300x300.jpg
Bébé,71388a29-ab6e-452d-9b8b-d48adbcb8d65,MPX_3355530,Monoprix Bébé Couches écologiques Taille 5 x28,12.5,0.45,"['Bébé', 'Monoprix Bébé', 'Couches et Culottes']",Monoprix bébé,True,False,false,,,28 par pack,[],https://courses.monoprix.fr/images-v3/0c44253f-c4a3-4340-9d37-d41e42b9d14a/aa336507-e046-4739-a313-e47a2dea2717/300x300.jpg
Bébé,32f532b3-0e93-41e0-a4c4-4e2a5184cce3,MPX_5237278,[Para] Mustela Lingettes Nettoyantes x60,4.25,0.07,"['Parapharmacie', 'Nos marques de parapharmacie', 'Mustela']",Mustela,True,False,false,,,60 par pack,[],https://courses.monoprix.fr/images-v3/0c44253f-c4a3-4340-9d37-d41e42b9d14a/8b9339b3-86c3-4282-a5e1-42909e855549/300x300.jpg
Bébé,26c10b6e-190e-4478-8979-4cf4a23cdc96,MPX_3874963,Mixa Bébé Gel Douche Très Doux 2 En 1 Corps et Cheveux 750ml,8.29,11.05,"['Bébé', 'Hygiène et Soin Bébé', 'Toilette']",Mixa,True,False,false,,,750ml,[],https://courses.monoprix.fr/images-v3/0c44253f-c4a3-4340-9d37-d41e42b9d14a/52b32028-39a7-41a9-b1a0-58ca0f3427c7/300x300.jpg
Bébé,8d069838-ba06-41c9-a2b8-60a7036c3ce3,MPX_6714101,Hipp Biologique Lait 1 Combiotic jusqu'à 6 mois 800g,19.9,24.88,"['Bébé', 'Bébé bio', 'Lait et Céréales bio', 'Lait 1er âge bio']",Hipp Biologique,True,False,false,2.0,MONTH,800g,['Produit bio'],https://courses.monoprix.fr/images-v3/0c44253f-c4a3-4340-9d37-d41e42b9d14a/643a7c74-9d81-47ae-a29d-b7fe28c34e42/300x300.jpg
Bébé,b20a531c-c05c-4357-9a18-3bdc487fa8d5,MPX_6630025,"Blédina courge butternut, carottes et boulghour - dès 12 mois - 230g",2.69,11.7,"['Bébé', 'Alimentation bébé', 'Repas à base de légume', '12 mois et plus']",Blédina,True,False,false,1.0,MONTH,230g,"['Produit végétarien', 'Produit bio']",https://courses.monoprix.fr/images-v3/0c44253f-c4a3-4340-9d37-d41e42b9d14a/298c4f00-52b7-48d1-9b9e-1b4907b2bd9e/300x300.jpg
Bébé,a92fd9bf-e0d2-4e9e-8288-ec9a4648da55,MPX_3648463,"Gallia lait 2ème âge de 6-12 mois 1,2 kg",22.9,19.08,"['Bébé', 'Alimentation bébé', 'Lait et Céréales', 'Lait 2ème âge']",Laboratoire Gallia,True,False,false,6.0,MONTH,1.2kg,[],https://courses.monoprix.fr/images-v3/0c44253f-c4a3-4340-9d37-d41e42b9d14a/3753216c-6f87-4608-9d6c-b450df113897/300x300.jpg
Bébé,9bd4b06f-c5f8-4db3-97ae-496ee7f271f2,MPX_3742380,Les Récoltes Bio Petis Pois Champignons Riz dès 8 mois 2 x 200g,4.15,10.38,"['Bébé', 'Bébé bio', 'Repas à base de légume bio', 'De 6 à 12 mois']",Blédina,True,False,false,6.0,MONTH,2 x 200g,"['Produit végétarien', 'Produit bio']",https://courses.monoprix.fr/images-v3/0c44253f-c4a3-4340-9d37-d41e42b9d14a/8993a634-c963-4dda-9d4f-b834e45b3fa3/300x300.jpg
Bébé,4b086b2f-bbd9-47f4-8692-ade97dd28a11,MPX_1978851,Blédina Céréales Lactées Blédiner Carottes Dès 6 mois 4x250ml,5.15,5.15,"['Bébé', 'Alimentation bébé', 'Repas du soir']",Blédina,True,False,false,2.0,MONTH,4 x 250ml,[],https://courses.monoprix.fr/images-v3/0c44253f-c4a3-4340-9d37-d41e42b9d14a/92002b4e-8288-4685-ae75-9e5aa8ddcd44/300x300.jpg
Bébé,37940baf-0be5-4618-9d2f-f99d69ef70ca,MPX_2483961,"Babybio Mijoté légumes, poulet fermier du Poitou, Quinoa Bio 2x200g",4.35,10.88,"['Bébé', 'Bébé bio', 'Repas à base de viande ou poisson bio', 'De 6 à 12 mois']",Babybio,True,False,false,2.0,MONTH,2 x 200g,['Produit bio'],https://courses.monoprix.fr/images-v3/0c44253f-c4a3-4340-9d37-d41e42b9d14a/0f9562aa-f0df-4e42-98b1-614ea4dbf0d2/300x300.jpg
Bébé,aab1a0ba-bf31-49b1-a758-547460fac285,MPX_6615184,Hipp Biologique Barres Avoine Fraises Framboises 100g,4.99,49.9,"['Bébé', 'Bébé bio', 'Dessert aux Fruits et Lacté bio', 'Dessert aux Fruits bio']",Hipp Biologique,True,False,false,2.0,MONTH,100g,"['Produit végétarien', 'Produit bio']",https://courses.monoprix.fr/images-v3/0c44253f-c4a3-4340-9d37-d41e42b9d14a/e7b03ae9-d61e-44d6-9054-4706ab030afb/300x300.jpg
Bébé,fdda4e49-2567-488f-867a-e64039f48627,MPX_3870855,Babybio Gourde Brassé Riz Pêche Poire 4X85G,4.99,14.68,"['Naturalia', 'Bébé', 'Alimentation Bébé']",Babybio,True,False,false,2.0,MONTH,4 x 85g,['Produit bio'],https://courses.monoprix.fr/images-v3/0c44253f-c4a3-4340-9d37-d41e42b9d14a/0ddf01c7-600e-441d-ac4b-93073550f151/300x300.jpg
Bébé,03096d93-e96a-46eb-a3a7-3fffcd4768d5,MPX_6657681,[Par Naturalia] Tidoo Culottes Taille 6 (16-30kg) *26,18.8,0.72,"['Bébé', 'Couches, Culottes et Couches-culottes', 'Culottes et Couches-culottes']",TIDOO,True,False,false,,,26 par pack,[],https://courses.monoprix.fr/images-v3/0c44253f-c4a3-4340-9d37-d41e42b9d14a/db27fe49-49a5-49fd-b41c-4fa7ff884c14/300x300.jpg
Bébé,e9a0abe4-bd9f-4e5d-b9e1-bd69d0f8a255,MPX_3860505,Babybio Pot Mais Doux d'Aquitaine 2X130g,2.19,8.42,"['Bébé', 'Bébé bio', 'Repas à base de légume bio', 'De 6 à 12 mois']",Babybio,True,False,false,6.0,MONTH,2 x 130g,['Produit bio'],https://courses.monoprix.fr/images-v3/0c44253f-c4a3-4340-9d37-d41e42b9d14a/08aabf00-ee47-4252-9304-9ff793bddb1a/300x300.jpg
Bébé,e8c708fb-46c4-424b-bf15-7f7f164cef32,MPX_3390897,Blédina Blédine Saveur Vanille 400g,2.85,7.13,"['Bébé', 'Alimentation bébé', 'Lait et Céréales', 'Céréales']",Blédina,True,False,false,6.0,MONTH,400g,[],https://courses.monoprix.fr/images-v3/0c44253f-c4a3-4340-9d37-d41e42b9d14a/6ce10a59-6f28-47e5-8ebd-b4367ecd646b/300x300.jpg
Bébé,2d94ae62-9247-4d34-8dab-5d0a0db55107,MPX_6734658,Good Goût kidz Les amuses-bouches 35g,2.39,68.29,"['Bébé', 'Alimentation bébé', 'Dessert aux Fruits', 'Gourde et Doypack']",GOOD GOUT KIDZ,True,False,false,2.0,MONTH,0.035kg,[],https://courses.monoprix.fr/images-v3/0c44253f-c4a3-4340-9d37-d41e42b9d14a/9b1da8af-5d2d-4720-b913-3276b9e21359/300x300.jpg
Bébé,f38eb716-adde-4af5-b38b-348aeee63a5b,MPX_6714102,Hipp Biologique Lait 2 Combiotic dès 6 mois 800g,19.9,24.88,"['Bébé', 'Bébé bio', 'Lait et Céréales bio', 'Lait 2ème âge bio']",Hipp Biologique,True,False,false,2.0,MONTH,800g,['Produit bio'],https://courses.monoprix.fr/images-v3/0c44253f-c4a3-4340-9d37-d41e42b9d14a/d86a88d8-2579-4cd5-a802-9692c21d1466/300x300.jpg
Bébé,ac50f16d-97d0-4b84-a179-b96208ed5d2c,MPX_4208302,Babybio Petit Pots Brassé Banane Myrtille 2x130g,3.99,15.35,"['Bio', 'Bébé bio', 'Dessert aux Fruits et Lacté bio', 'Dessert aux Fruits bio']",Babybio,True,False,false,1.0,WEEK,2 x 130g,['Produit bio'],https://courses.monoprix.fr/images-v3/0c44253f-c4a3-4340-9d37-d41e42b9d14a/0c5590be-e2f2-4fdd-9dae-4eb61acfc83e/300x300.jpg
Bébé,2b91e105-c75a-4026-a44c-496c601fcd9b,MPX_6712097,"Babybio Chili végétarien doux Carotte des Landes ,Grain de maïs d'Aquitaine, Bio",2.19,9.52,"['Bébé', 'Bébé bio', 'Repas à base de légume bio', 'De 6 à 12 mois']",Babybio,True,False,false,2.0,MONTH,230g,['Produit bio'],https://courses.monoprix.fr/images-v3/0c44253f-c4a3-4340-9d37-d41e42b9d14a/51ff364c-8c19-48b3-9b7e-537d9be18ea8/300x300.jpg
Bébé,9d07213a-3f1b-4436-b3d1-84633703369f,MPX_3164962,Biolane Lingette Liminent X64,4.99,0.08,"['Bébé', 'Hygiène et Soin Bébé', 'Lingette et Coton']",Biolane,True,False,false,6.0,MONTH,64 par pack,[],https://courses.monoprix.fr/images-v3/0c44253f-c4a3-4340-9d37-d41e42b9d14a/9b260ee0-22fd-4b2b-ba98-82152ad87988/300x300.jpg
Bébé,31d882a8-f1ca-4032-a263-03bfb31fc6e1,MPX_6624809,Guigoz Lait en Poudre croissance 3 optipro 830g,16.5,19.88,"['Bébé', 'Alimentation bébé', 'Lait et Céréales', 'Lait de croissance']",Guigoz,True,False,false,6.0,MONTH,830g,[],https://courses.monoprix.fr/images-v3/0c44253f-c4a3-4340-9d37-d41e42b9d14a/a606d70d-3b63-48c3-ba61-da0f70824efe/300x300.jpg
Bébé,d2293ea7-d7a4-41e7-b4ef-ddb9c7439e56,MPX_5703437,Blédina Les Récoltes Bio Petits Pots Carottes Haricots Vert - Dès 4/6 Mois - 3x 130g,3.49,8.95,"['Bébé', 'Bébé bio', 'Repas à base de légume bio']",Blédina,True,False,false,2.0,MONTH,3 x 130g,"['Produit végétarien', 'Produit bio']",https://courses.monoprix.fr/images-v3/0c44253f-c4a3-4340-9d37-d41e42b9d14a/439a5dca-dfd4-4da7-b3d2-29472066e269/300x300.jpg
Bébé,4b83539c-4992-45aa-9d62-c74c24429585,MPX_4122777,Good Goût Purée Carotte Patate Douce Lentilles Corail Bio Dès 6M 380g,3.49,9.18,"['Naturalia', 'Bébé', 'Alimentation Bébé']",Good Goût,True,False,false,2.0,MONTH,380g,['Produit bio'],https://courses.monoprix.fr/images-v3/0c44253f-c4a3-4340-9d37-d41e42b9d14a/60814a80-2b7f-43ae-adc4-7e9ef510094d/300x300.jpg
Bébé,b3b5162a-597d-4342-bc01-fd771f930eed,MPX_3789408,Les Récoltes Bio Pomme Cassis 2 x 130g,3.59,13.81,"['Bébé', 'Bébé bio', 'Dessert aux Fruits et Lacté bio', 'Dessert aux Fruits bio']",Blédina,True,False,false,6.0,MONTH,260g,"['Produit végétarien', 'Produit bio']",https://courses.monoprix.fr/images-v3/0c44253f-c4a3-4340-9d37-d41e42b9d14a/9c5f0eaa-4838-4578-b08b-2033a8f3c576/300x300.jpg
Bébé,fa1428f7-37b3-41a2-8347-0eef9d16e4cb,MPX_3221691,Monoprix Bébé Culottes Taille 6 x18,6.99,0.39,"['Bébé', 'Couches, Culottes et Couches-culottes', 'Culottes et Couches-culottes', 'Couche-culottes et Culottes']",Monoprix bébé,True,False,false,,,18 par pack,[],https://courses.monoprix.fr/images-v3/0c44253f-c4a3-4340-9d37-d41e42b9d14a/629ff97f-340f-4828-b165-e1bfef1bf8d6/300x300.jpg
Bébé,cc7b0b92-a33b-4c01-94bd-f816c6e52a7e,MPX_3221689,Monoprix Bébé Culottes Taille 5 x20,7.19,0.36,"['Bébé', 'Couches, Culottes et Couches-culottes', 'Culottes et Couches-culottes', 'Couche-culottes et Culottes']",Monoprix Bébé,True,False,false,,,20 par pack,[],https://courses.monoprix.fr/images-v3/0c44253f-c4a3-4340-9d37-d41e42b9d14a/dd2aae02-3f45-4f3b-87c6-7a5f9a8baec2/300x300.jpg
Bébé,d52772af-134e-47e0-9ed2-0d6c4d1efd7c,MPX_6657673,[Par Naturalia] Tidoo Culottes Tailles 5 (12-18kg) *28,18.8,0.67,"['Bébé', 'Couches, Culottes et Couches-culottes', 'Culottes et Couches-culottes']",TIDOO,True,False,false,,,28 par pack,[],https://courses.monoprix.fr/images-v3/0c44253f-c4a3-4340-9d37-d41e42b9d14a/f3f9dda0-dee3-4ecd-88bc-c7b760617ef0/300x300.jpg
Bébé,ee0013eb-1f76-43ba-9b01-25e5ed4ff788,MPX_3393417,Blédina Préparation Céréales Instanées Saveur Choco Biscuitée 400g,3.29,8.23,"['Bébé', 'Alimentation bébé', 'Lait et Céréales', 'Céréales']",Blédina,True,False,false,6.0,MONTH,400g,[],https://courses.monoprix.fr/images-v3/0c44253f-c4a3-4340-9d37-d41e42b9d14a/eab7456d-321a-487a-adb0-c9a1ea758a01/300x300.jpg
Bébé,4884433e-de63-41e6-9931-1bc61b252cc6,MPX_6613873,Yooji Hachés Saumon MSC et surgelés Dès 4/6 mois 80g,5.49,68.63,"['Surgelés', 'Poissons et Crustacés surgelés', 'Poisson cuisiné surgelé']",Yooji,True,False,false,2.0,MONTH,80g,['Produit congelé'],https://courses.monoprix.fr/images-v3/0c44253f-c4a3-4340-9d37-d41e42b9d14a/868670dd-ca29-4635-9a58-8f5e44527fd2/300x300.jpg
Bébé,86782d33-8484-439c-8136-563c09a6203b,MPX_4215086,Gallia Calisma Lait bébé en poudre 1er âge de 0 à 6 mois 830g,24.5,29.52,"['Bébé', 'Alimentation bébé', 'Lait et Céréales', 'Lait 1er âge']",Laboratoire gallia,True,False,false,6.0,MONTH,830g,[],https://courses.monoprix.fr/images-v3/0c44253f-c4a3-4340-9d37-d41e42b9d14a/a34fcbc7-3b95-485c-b5bc-7cff51f3ea31/300x300.jpg
Bébé,042fcf8f-2658-4353-b420-3c8e48060ad8,MPX_3789400,Les Récoltes Bio Pommes Bananes petits morceaux fondants 2 x 130g,3.29,12.65,"['Bébé', 'Bébé bio', 'Dessert aux Fruits et Lacté bio', 'Dessert aux Fruits bio']",Blédina,True,False,false,6.0,MONTH,260g,"['Produit végétarien', 'Produit bio']",https://courses.monoprix.fr/images-v3/0c44253f-c4a3-4340-9d37-d41e42b9d14a/9869307c-aef5-4019-aa72-605f018328a7/300x300.jpg
Bébé,adc39994-79b5-439b-913b-dbfbf41d0d7a,MPX_4197717,Bébé Cadum Gel Douche Bébé Hypoallergénique 750ml,6.49,8.65,"['Bébé', 'Hygiène et Soin Bébé', 'Toilette']",Cadum,True,False,false,,,750ml,[],https://courses.monoprix.fr/images-v3/0c44253f-c4a3-4340-9d37-d41e42b9d14a/1b6a7191-ffce-48a3-aa8a-8c676b27975e/300x300.jpg
Bébé,92d1a5fd-08a7-4af2-8f9a-732cad930250,MPX_3355523,Monoprix Bébé Couches écologiques Taille 3 x36,12.5,0.35,"['Bébé', 'Monoprix Bébé', 'Couches et Culottes']",Monoprix bébé,True,False,false,,,36 par pack,[],https://courses.monoprix.fr/images-v3/0c44253f-c4a3-4340-9d37-d41e42b9d14a/4cadaee2-8bb6-4f10-bd98-82be9c3e49ef/300x300.jpg
Bébé,e4eaad1c-2b9e-4757-ab58-3b9d98cf52ff,MPX_3166841,Yooji Hachée De Poulet Cuit Bio Dès 6 Mois X12 120G,5.59,46.58,"['Bébé', 'Bébé bio', 'Repas à base de viande ou poisson bio', 'De 6 à 12 mois']",Yooji,True,False,false,2.0,MONTH,120g,"['Produit congelé', 'Produit bio']",https://courses.monoprix.fr/images-v3/0c44253f-c4a3-4340-9d37-d41e42b9d14a/8ab18538-06e8-44fe-ba17-93d5f5d464b7/300x300.jpg
Bébé,c16c9c3a-d6e5-4927-b1b9-c394a25480d0,MPX_3939059,Babybio Céréales 3 Fruits Avec Quinoa Dès 6M 220G,3.09,14.05,"['Bébé', 'Bébé bio', 'Lait et Céréales bio', 'Céréales bio']",Babybio,True,False,false,6.0,MONTH,220g,['Produit bio'],https://courses.monoprix.fr/images-v3/0c44253f-c4a3-4340-9d37-d41e42b9d14a/cbe5fdaa-c364-4d75-97b1-79be2c66ebb4/300x300.jpg
Bébé,4bf8eb35-cbc2-4e3c-a75d-8b9196aa183b,MPX_6626445,Nestlé Fromage Blanc P'tit Brassé Nature Sans Sucres Ajoutés 6x50g,3.69,12.3,"['Bébé', 'Alimentation bébé', 'Dessert Lacté']",Nestlé,True,False,false,2.0,MONTH,6 x 50g,['Produit bio'],https://courses.monoprix.fr/images-v3/0c44253f-c4a3-4340-9d37-d41e42b9d14a/bbf26806-b9fc-4eb2-af2d-3cbba4aa29c4/300x300.jpg
Bébé,205c5ddd-0103-4e29-94dc-95799e6e2b1b,MPX_6751156,"Blédina Petit Plat Morceaux à dévorer Carottes, Lentilles Corail, Pâtes Etoiles & touche de ciboulette de 15 mois à 3 ans 200g",2.79,13.95,"['Bébé', 'Bébé bio', 'Repas à base de légume bio', '12 mois et plus']",Blédina,True,False,false,2.0,MONTH,200g,['Produit végétarien'],https://courses.monoprix.fr/images-v3/0c44253f-c4a3-4340-9d37-d41e42b9d14a/67fd7477-e719-48b1-89c7-bf6f8504af3d/300x300.jpg
Bébé,f7b2e4e5-ec63-49b5-aacb-cb75404b51b0,MPX_3947547,P'Ti Brassé Dessert Lacté Brassé Pour Bébé À La Fraise Dès 6 Mois 4x100g,2.75,6.88,"['Bébé', 'Alimentation bébé', 'Dessert Lacté', 'Coupelle']",P'ti Brassé,True,False,false,2.0,MONTH,4 x 100g,[],https://courses.monoprix.fr/images-v3/0c44253f-c4a3-4340-9d37-d41e42b9d14a/75a70e32-9cd6-43cc-8942-59aa2b1c948f/300x300.jpg
Bébé,8761487c-f472-4cb4-89ff-38da6d6b3e93,MPX_3952495,BLEDINA Blédichef plat bébé colombo de riz et poisson 250g,2.79,11.16,"['Bébé', 'Bébé bio', 'Repas à base de viande ou poisson bio', '12 mois et plus']",Blédina,True,False,false,2.0,MONTH,250g,[],https://courses.monoprix.fr/images-v3/0c44253f-c4a3-4340-9d37-d41e42b9d14a/3d5ecee2-dcc7-43e7-859e-be8ef580db2e/300x300.jpg
Bébé,5037e4e6-43c0-40da-b3cc-bb30f6c03523,MPX_4097094,Bledina Bledidej Croissance Délice Biscuité Vanille dès 12 mois 500ml,2.09,4.18,"['Bébé', 'Alimentation bébé', 'Lait et Céréales', 'Céréales']",Blédina,True,False,false,2.0,MONTH,500ml,['Produit végétarien'],https://courses.monoprix.fr/images-v3/0c44253f-c4a3-4340-9d37-d41e42b9d14a/3c0d9d66-62c1-4017-8e2a-d0dba476b31b/300x300.jpg
Bébé,eceba8e7-dfd2-4615-82de-f555674a867a,MPX_3648461,"Gallia Lait en poudre 2ème âge de 6 à 12 mois, Bio 800g",26.5,33.13,"['Bébé', 'Bébé bio', 'Lait et Céréales bio', 'Lait 2ème âge bio']",Laboratoire Gallia,True,False,false,6.0,MONTH,800g,['Produit bio'],https://courses.monoprix.fr/images-v3/0c44253f-c4a3-4340-9d37-d41e42b9d14a/2e7d94d0-7a10-4c43-85da-3ba14bd2cdd8/300x300.jpg
Bébé,ffa72487-9a4a-4290-adab-e5968a13b8b0,MPX_3587917,Biolane Lingettes Visage Et Mains Sensitives X55,3.29,0.06,"['Bébé', 'Hygiène et Soin Bébé', 'Lingette et Coton']",Biolane,True,False,false,6.0,MONTH,55 par pack,[],https://courses.monoprix.fr/images-v3/0c44253f-c4a3-4340-9d37-d41e42b9d14a/4f5ea2f1-b4ca-40f1-9404-58e971d7cf28/300x300.jpg
Bébé,b3b30660-613a-4193-a333-7d87b3717d56,MPX_3166843,Yooji Hachée De Boeuf Cuit Bio Dès 6 Mois X12 120G,6.59,54.92,"['Bébé', 'Bébé bio', 'Repas à base de viande ou poisson bio', 'De 6 à 12 mois']",YOOJI,True,False,false,2.0,MONTH,120g,"['Produit congelé', 'Produit bio']",https://courses.monoprix.fr/images-v3/0c44253f-c4a3-4340-9d37-d41e42b9d14a/3be3d028-bbfd-4470-bea4-a7f321a0c0aa/300x300.jpg
Bébé,ab7c4236-7987-43cb-b588-28c0d7279fc2,MPX_6630022,Bledina gourdes pommes amandes - dès 6 mois - 4x 85g,5.19,15.26,"['Bébé', 'Alimentation bébé', 'Dessert aux Fruits', 'Gourde et Doypack']",Blédina,True,False,false,2.0,MONTH,4 x 85g,[],https://courses.monoprix.fr/images-v3/0c44253f-c4a3-4340-9d37-d41e42b9d14a/9b7417f6-db47-4ee4-aa4a-dab1fce59fb9/300x300.jpg
Bébé,b56c3250-22b4-42f8-baae-8bbf86161927,MPX_3742371,Babybio Lait Croissance Priméa 3 dès 10 mois 800g,21.9,27.38,"['Naturalia', 'Bébé', 'Laits infantiles']",Babybio,True,False,false,6.0,MONTH,800g,['Produit bio'],https://courses.monoprix.fr/images-v3/0c44253f-c4a3-4340-9d37-d41e42b9d14a/3426084e-fd17-4d0c-92d6-a40bfcc377c1/300x300.jpg
Bébé,bb2bb11b-eeb3-4e24-82f1-1f37fdb187e1,MPX_6624415,Hipp Biologique La Mamma Tortellini Tomates Poulet Origan 250g,3.29,13.16,"['Bébé', 'Bébé bio', 'Repas à base de légume bio', '12 mois et plus']",Hipp Biologique,True,False,false,2.0,MONTH,250g,['Produit bio'],https://courses.monoprix.fr/images-v3/0c44253f-c4a3-4340-9d37-d41e42b9d14a/a74bffa4-4f75-4eec-ba1a-ad8a943b4159/300x300.jpg
Bébé,2d613e85-a990-4519-93f1-0b5d45597e06,MPX_6613874,Yooji P'tit diner Carotte Patate douce & Epeautre Bio dès 8 mois - 300g,4.49,14.97,"['Bébé', 'Alimentation bébé', 'Repas à base de légume', 'De 6 à 12 mois']",Yooji,True,False,false,6.0,MONTH,300g,"['Produit halal', 'Produit congelé', 'Produit vegan', 'Produit bio']",https://courses.monoprix.fr/images-v3/0c44253f-c4a3-4340-9d37-d41e42b9d14a/341653ba-112c-4ba6-9ca3-0c565fed30aa/300x300.jpg
Bébé,17799c64-de2c-42e3-b48a-d5f69e93851f,MPX_1864579,"Babynat Cabillaud, Petits Pois, Pomme de Terre Val de Loire dès 8 Mois 2x200g",3.79,9.48,"['Naturalia', 'Bébé', 'Alimentation Bébé']",Babynat,True,False,false,6.0,MONTH,2 x 200g,['Produit bio'],https://courses.monoprix.fr/images-v3/0c44253f-c4a3-4340-9d37-d41e42b9d14a/508a4192-4d8d-484c-b198-0dabe84151b6/300x300.jpg
Bébé,b7dc5748-03f1-4c34-9d23-3b6f685dcf48,MPX_3221697,Monoprix Bébé Gel Lavant 2En1 Sans Savon 750Ml,4.49,59.87,"['Nos sélections', 'Inspiration du moment', '& Jeunes Parents', 'Soin bébé']",Monoprix Bébé,True,False,false,,,75ml,[],https://courses.monoprix.fr/images-v3/0c44253f-c4a3-4340-9d37-d41e42b9d14a/115a5b01-045b-40fd-a6c2-cc823eb8df5d/300x300.jpg
Bébé,9de6320f-8f2e-44cc-ab71-952f9f0149b7,MPX_3706099,Galliagest lait premium 1 de 0-6 mois 820 g,26.5,32.32,"['Bébé', 'Alimentation bébé', 'Lait et Céréales', 'Lait 1er âge']",Laboratoire gallia,True,False,false,2.0,MONTH,820g,[],https://courses.monoprix.fr/images-v3/0c44253f-c4a3-4340-9d37-d41e42b9d14a/edd885a2-ac04-4dd8-a8ed-ac6400d4cfc6/300x300.jpg
Bébé,0af56bbf-a810-4abf-a975-e8c463d535b7,MPX_6728949,Blédina Gourdes pomme abricot noix de cajou 4x85g,4.59,54.0,"['Bébé', 'Alimentation bébé', 'Dessert aux Fruits', 'Gourde et Doypack']",Bledina,True,False,false,2.0,MONTH,85g,[],https://courses.monoprix.fr/images-v3/0c44253f-c4a3-4340-9d37-d41e42b9d14a/597b2a5c-a39b-4eb9-a409-ba8a6bfc2c95/300x300.jpg
Bébé,62c11c24-d9ba-49db-ae3c-792d641d53f6,MPX_3380223,Monoprix Bébé Lingettes Au Liniment X64,3.35,3.35,"['Nos sélections', 'Inspiration du moment', '& Jeunes Parents', 'Lingettes']",Monoprix Bébé,True,False,false,,,,[],https://courses.monoprix.fr/images-v3/0c44253f-c4a3-4340-9d37-d41e42b9d14a/b12f8e46-61d3-4605-ac0f-b8ff847049ac/300x300.jpg
Bébé,9b5df30e-890e-41cc-9591-7cce7e67f371,MPX_4197718,Bébé Cadum Eau Nettoyante Hypoallergénique 750ml,6.29,8.39,"['Bébé', 'Hygiène et Soin Bébé', 'Soin et Talc']",Cadum,True,False,false,,,750ml,[],https://courses.monoprix.fr/images-v3/0c44253f-c4a3-4340-9d37-d41e42b9d14a/95634119-a702-4ade-b6a9-5750af32ef69/300x300.jpg
Bébé,dbdcefcc-4597-490b-aad3-8b3eccf04a2a,MPX_3789391,Bledilait Croissance Lait en poudre 3ème âge 900g,13.5,15.0,"['Bébé', 'Alimentation bébé', 'Lait et Céréales', 'Lait de croissance']",Blédina,True,False,false,6.0,MONTH,900g,[],https://courses.monoprix.fr/images-v3/0c44253f-c4a3-4340-9d37-d41e42b9d14a/a24ef9da-e825-4bb7-b0f3-1ef4fd6d8537/300x300.jpg
Bébé,4f74db28-b721-4a5f-88c6-cb87eecd3af3,MPX_3718339,Babybio Lait Optima 2 de 6 à 12 mois 800g,25.5,31.88,"['Naturalia', 'Bébé', 'Laits infantiles']",Babybio,True,False,false,6.0,MONTH,800g,['Produit bio'],https://courses.monoprix.fr/images-v3/0c44253f-c4a3-4340-9d37-d41e42b9d14a/ddf4daa0-45d7-4667-ac12-bab66263b7d2/300x300.jpg
Bébé,6be9eeec-5c5b-48b3-8096-369f4a2b508e,MPX_6630032,Blédina Pommes Poires / Pommes Fraises / Pommes Ananas Dès 4/6 mois 3x130g,4.09,10.49,"['Bébé', 'Alimentation bébé', 'Dessert aux Fruits', 'Petit Pot de Fruits et Coupelle']",Blédina,True,False,false,2.0,MONTH,3 x 130g,"['Produit végétarien', 'Produit bio']",https://courses.monoprix.fr/images-v3/0c44253f-c4a3-4340-9d37-d41e42b9d14a/5f736963-6f92-4dde-a621-1012e559ea66/300x300.jpg
Bébé,d73174d3-41f2-4d35-aae9-698a64dd1b12,MPX_3391322,[Para] Klorane bébé Gel Lavant Doux au Calendula Apaisant Corps & Cheveux Peau Normale Lot 2x500ml,12.5,12.5,"['Parapharmacie', 'Bébé et Maman', 'Toilette bébé']",KLORANE,True,False,false,1.0,YEAR,1L,[],https://courses.monoprix.fr/images-v3/0c44253f-c4a3-4340-9d37-d41e42b9d14a/5dd8d5e9-30e2-4365-8333-caa2f8944198/300x300.jpg
Bébé,f25e68d4-8de9-4587-a720-3a061d67aba5,MPX_6593522,Mixa bébé gel douche flacon pompe 2en1 corps et cheveux 300ml,4.49,14.97,"['Bébé', 'Hygiène et Soin Bébé', 'Toilette']",Mixa,True,False,false,,,300ml,[],https://courses.monoprix.fr/images-v3/0c44253f-c4a3-4340-9d37-d41e42b9d14a/d6e1f2ef-0431-4ef8-9509-83a904ecd23a/300x300.jpg
Bébé,a16ada98-8878-4cd1-bb4c-ae129ab0f631,MPX_2810845,Monoprix Bébé Lingettes sensitive x64,2.49,2.49,"['Nos sélections', 'Inspiration du moment', '& Jeunes Parents', 'Lingettes']",Monoprix Bebe,True,False,false,,,,[],https://courses.monoprix.fr/images-v3/0c44253f-c4a3-4340-9d37-d41e42b9d14a/2ab52edc-25ef-49e8-9af8-06163edbae45/300x300.jpg
Bébé,29bfe7df-1c53-4d1d-9fc7-42ebf17371fa,MPX_6619370,Guigoz Optipro 2 dès 6 mois 2x600g,19.9,16.58,"['Bébé', 'Alimentation bébé', 'Lait et Céréales', 'Lait de croissance']",GUIGOZ,True,False,false,6.0,MONTH,1.2kg,[],https://courses.monoprix.fr/images-v3/0c44253f-c4a3-4340-9d37-d41e42b9d14a/f49b86d2-63b8-4d7b-889e-bed4b6afdc20/300x300.jpg
Bébé,44458a3f-48e6-46e7-bcc0-94d6a68c62eb,MPX_3221692,Monoprix Bébé Culottes Taille 6 x34,9.89,0.29,"['Bébé', 'Monoprix Bébé', 'Couches et Culottes']",Monoprix bébé,True,False,false,,,34 par pack,[],https://courses.monoprix.fr/images-v3/0c44253f-c4a3-4340-9d37-d41e42b9d14a/2dd2050a-72ef-47d8-8039-0762272cd3e1/300x300.jpg
Bébé,081d4380-0d7b-421c-9b7a-c8eacf8d15b8,MPX_3221708,Monoprix Bébé maxi rectangles cotons x80,1.79,1.79,"['Nos sélections', 'Inspiration du moment', '& Jeunes Parents', 'Cotons']",Monoprix Bébé,True,False,false,,,,[],https://courses.monoprix.fr/images-v3/0c44253f-c4a3-4340-9d37-d41e42b9d14a/408d0941-8174-4783-8ef8-093a40b0d472/300x300.jpg
Bébé,b035a22a-7513-42f8-9de6-981558dedfbc,MPX_6728980,Pampers Baby Dry Pants Couches T6 x19,15.9,0.84,"['Nos sélections', 'Nouveau sur le site', 'Hygiène et Beauté']",Pampers,True,False,false,,,19 par pack,[],https://courses.monoprix.fr/images-v3/0c44253f-c4a3-4340-9d37-d41e42b9d14a/4c2e2c19-36e8-4126-b119-5f35751cd1da/300x300.jpg
Bébé,8aeb2f41-8ddf-4062-9a06-77e1176afe94,MPX_3114229,Monoprix Bio Compote multifruits sans sucres ajoutés Dès 6 mois 4x100g,2.15,5.38,"['Bébé', 'Bébé bio', 'Dessert aux Fruits et Lacté bio', 'Dessert aux Fruits bio']",Monoprix Bio,True,False,false,2.0,MONTH,4 x 100g,[],https://courses.monoprix.fr/images-v3/0c44253f-c4a3-4340-9d37-d41e42b9d14a/135faeb9-58fd-4d67-bf0c-36cc52179ce5/300x300.jpg
Bébé,418a127a-d3cd-4356-be7e-e09fbe3d0792,MPX_3537948,Monoprix Bébé BIO Bâtonnets sécurité x50,0.99,0.02,"['Bébé', 'Bébé bio', 'Couche écologique et Soin bio', 'Soin bio']",Monoprix Bébé,True,False,false,,,50 par pack,['Produit bio'],https://courses.monoprix.fr/images-v3/0c44253f-c4a3-4340-9d37-d41e42b9d14a/d41925a9-a561-4997-b829-0cf78195ae2d/300x300.jpg
Bébé,823fb660-4db1-4278-a0f9-f8e2565ed4e4,MPX_2810852,Monoprix Bébé Papier toilette humide 2x60,3.59,0.03,"['Bébé', 'Monoprix Bébé', 'Hygiène et soin bébé']",Monoprix Bébé,True,False,false,,,2 x 60 par pack,[],https://courses.monoprix.fr/images-v3/0c44253f-c4a3-4340-9d37-d41e42b9d14a/149db19b-3e4b-45d9-a44e-fa2c7e6addb0/300x300.jpg
Bébé,8ee13b1a-f28f-472c-b7e0-cb5bd5e0004e,MPX_3789588,Good Goût Gourde Pomme Framboise Bio 120g,2.25,18.75,"['Naturalia', 'Bébé', 'Alimentation Bébé']",Good Goût,True,False,false,2.0,MONTH,120g,['Produit bio'],https://courses.monoprix.fr/images-v3/0c44253f-c4a3-4340-9d37-d41e42b9d14a/7b83778b-8686-49fd-9d5c-13b166f81490/300x300.jpg
Bébé,098964be-4f2c-4e6a-ae22-288dfa439da8,MPX_6734657,Good Gout Kidz Pomme châtaigne Bio 120g,1.79,14.92,"['Bébé', 'Alimentation bébé', 'Dessert aux Fruits', 'Gourde et Doypack']",Good Gout Kidz,True,False,false,2.0,MONTH,120g,['Produit bio'],https://courses.monoprix.fr/images-v3/0c44253f-c4a3-4340-9d37-d41e42b9d14a/45de14fe-e702-4784-89b3-251c3b14b5cb/300x300.jpg
Bébé,da2c35e7-1886-4e3f-b66f-c41362a300c5,MPX_2456341,Babybio Compote Pomme Abricot Banane Dès 6 Mois 4x90g,4.25,11.81,"['Naturalia', 'Bébé', 'Alimentation Bébé']",Babybio,True,False,false,2.0,MONTH,4 x 90g,['Produit bio'],https://courses.monoprix.fr/images-v3/0c44253f-c4a3-4340-9d37-d41e42b9d14a/bf01a074-ec9f-418f-bc88-5dc91778f06c/300x300.jpg
Bébé,8a68e8b9-c65d-4827-a0cb-28f00d0e76cc,MPX_3279960,Guigoz Lait En Poudre 3ème Age Bio 800g,21.9,27.38,"['Bébé', 'Bébé bio', 'Lait et Céréales bio', 'Lait croissance bio']",GUIGOZ,True,False,false,6.0,MONTH,800g,['Produit bio'],https://courses.monoprix.fr/images-v3/0c44253f-c4a3-4340-9d37-d41e42b9d14a/a0d2d220-7fe9-4c0c-afe5-df7d7d16441f/300x300.jpg
Bébé,b2b77d42-91be-4043-ac36-6629c3e15fa4,MPX_4263095,Monoprix Bio Lait Croissance Nature de 10 Mois à 3 ans 6x1L,13.5,2.25,"['Bébé', 'Bébé bio', 'Lait et Céréales bio', 'Lait croissance bio']",Monoprix Bio,True,False,false,2.0,MONTH,6 x 1L,['Produit bio'],https://courses.monoprix.fr/images-v3/0c44253f-c4a3-4340-9d37-d41e42b9d14a/0bec6171-3fee-4a08-90dd-c04c0d5b6287/300x300.jpg
Bébé,56aa737e-939a-4cfb-9e44-7cfb9e8d42a6,MPX_6646762,Medisanté Sérum Physiologique Solution Nasale & Ophtalmique 40x5ml,3.19,15.95,"['Bébé', 'Hygiène et Soin Bébé', 'Soin et Talc']",Medisanté,True,False,false,,,200ml,[],https://courses.monoprix.fr/images-v3/0c44253f-c4a3-4340-9d37-d41e42b9d14a/55f28fae-10d6-4ed7-b524-32a14fb5b675/300x300.jpg
Bébé,6bc5de72-5120-4fc9-bd2d-dd5dd7870f78,MPX_3114231,Monoprix Bio Compote pommes sans sucres ajoutés dès 4 mois 4x100g,2.09,5.23,"['Bébé', 'Bébé bio', 'Dessert aux Fruits et Lacté bio', 'Dessert aux Fruits bio']",Monoprix Bio,True,False,false,2.0,MONTH,4 x 100g,['Produit bio'],https://courses.monoprix.fr/images-v3/0c44253f-c4a3-4340-9d37-d41e42b9d14a/dc2855e6-e0b8-44f9-a8b4-176483d58aaf/300x300.jpg
Bébé,b2796177-1920-48a5-9c4c-916d220f799d,MPX_2739790,[Par Naturalia]  Babybio crème semoule vanille bio 6M le pack de 4x85g,4.35,12.79,"['Bio', 'Bébé bio', 'Dessert aux Fruits et Lacté bio']",Babybio,True,False,false,2.0,MONTH,4 x 85g,['Produit bio'],https://courses.monoprix.fr/images-v3/0c44253f-c4a3-4340-9d37-d41e42b9d14a/296f0636-74cf-408f-96e3-dac06c7a4b5e/300x300.jpg
Bébé,535d7f5d-44cc-4976-8d9c-0dc87c18fc53,MPX_2625611,Babybio Compotes Pomme Mangue Dès 4 Mois 2x130g,2.79,10.73,"['Naturalia', 'Bébé', 'Alimentation Bébé']",Babybio,True,False,false,6.0,MONTH,2 x 130g,['Produit bio'],https://courses.monoprix.fr/images-v3/0c44253f-c4a3-4340-9d37-d41e42b9d14a/2581a9b9-14e4-47a9-8ad7-a7c6b29ca193/300x300.jpg
Bébé,13510057-b04b-4604-af89-6078c0cbef22,MPX_3860520,Babybio Assiette Bonne Nuit Poêlée de Légumes Verts Panais Boulghour à La Coriandre 230g,2.39,10.39,"['Bébé', 'Bébé bio', 'Repas du soir bio']",Babybio,True,False,false,2.0,MONTH,230g,['Produit bio'],https://courses.monoprix.fr/images-v3/0c44253f-c4a3-4340-9d37-d41e42b9d14a/d8a24e92-f7f0-47c4-9d47-b699f385253d/300x300.jpg
Bébé,b7c20e50-8a77-44d8-8218-1fd8e9e9ffa1,MPX_3550552,"Blédina Petits Spaghetti à La Bolognaise, dès 12 Mois 230g",1.69,7.35,"['Nos sélections', 'Inspiration du moment', '& Jeunes Parents', 'Alimentation']",Blédina,True,False,false,2.0,MONTH,230g,[],https://courses.monoprix.fr/images-v3/0c44253f-c4a3-4340-9d37-d41e42b9d14a/9c1dba9a-1374-40f0-9df4-5f5909d0d52d/300x300.jpg
Bébé,b44422fd-9f3c-4f56-bb68-80350d6c9f29,MPX_3939066,Babybio Gourde de Compote Pomme Framboise 4 x 90g,3.59,9.97,"['Naturalia', 'Bébé', 'Alimentation Bébé']",Babybio,True,False,false,2.0,MONTH,4 x 90g,['Produit bio'],https://courses.monoprix.fr/images-v3/0c44253f-c4a3-4340-9d37-d41e42b9d14a/32f70637-8442-403e-a793-c2737e7d3389/300x300.jpg
Bébé,b7b63c30-a7ad-43ae-8ac7-6ffd31bdff6d,MPX_5292397,Nestlé P'Tit Brassé Nature Dès 6 Mois 4x90g,2.39,6.64,"['Bébé', 'Alimentation bébé', 'Dessert Lacté', 'Coupelle']",P'ti Brassé,True,False,false,2.0,MONTH,4 x 90g,[],https://courses.monoprix.fr/images-v3/0c44253f-c4a3-4340-9d37-d41e42b9d14a/7711bf5e-cb13-429e-9fca-bb38db43589d/300x300.jpg
Bébé,cba52ba1-9afc-458d-90bf-b3cff6e0b3c1,MPX_2379776,Blédidej Chocolat Gourmand Céréales Lactées Dès 12 Mois 4x250ml,4.79,4.79,"['Bébé', 'Alimentation bébé', 'Lait et Céréales', 'Céréales']",Blédina,True,False,false,2.0,MONTH,4 x 250ml,[],https://courses.monoprix.fr/images-v3/0c44253f-c4a3-4340-9d37-d41e42b9d14a/677bbf8f-6a97-42b5-be8d-966f7d5239f8/300x300.jpg
Bébé,a40cffd0-cfef-4d42-b1f2-4361dfa2a43e,MPX_3939055,"Babybio petits pots carottes, tomates & pâtes dès 8 mois 2x200g",2.95,7.38,"['Naturalia', 'Bébé', 'Alimentation Bébé']",Babybio,True,False,false,6.0,MONTH,2 x 200g,['Produit bio'],https://courses.monoprix.fr/images-v3/0c44253f-c4a3-4340-9d37-d41e42b9d14a/1cc0dfef-48e2-4237-a580-59fa8c025d8d/300x300.jpg
Bébé,95313dfa-e0b7-415c-9ead-aaede433ca9c,MPX_3292043,Nestlé P'Tit Brassé Dessert Lacté Pomme Pêche Bio Dès 6 Mois 4x90g,3.15,8.75,"['Bébé', 'Bébé bio', 'Dessert aux Fruits et Lacté bio', 'Dessert Lacté bio']",P'ti Brassé,True,False,false,2.0,MONTH,4 x 90g,"['Produit végétarien', 'Produit bio']",https://courses.monoprix.fr/images-v3/0c44253f-c4a3-4340-9d37-d41e42b9d14a/f545b1af-9916-4d3c-aad4-8650af840d6c/300x300.jpg
Bébé,aaff58a7-afb6-45e0-ab8e-cbfb2e4dbd80,MPX_1041334,[Para] Bebisol Sérum Physiologique x40,4.09,20.45,"['Bébé', 'Puériculture et Accessoires Bébé', 'Allaitement, Sécurité et Petite Pharmacie']",BEBISOL,True,False,false,1.0,YEAR,200ml,[],https://courses.monoprix.fr/images-v3/0c44253f-c4a3-4340-9d37-d41e42b9d14a/98157c43-8493-4c2b-a3e1-e004defa1703/300x300.jpg
Bébé,ecab36fd-2ffc-4712-ae83-d3f89b7f6756,MPX_3317022,"Hipp Biologique Purée de Fruits 3 Variétés, Dès 12 Mois",10.9,11.35,"['Naturalia', 'Bébé', 'Alimentation Bébé']",HIPP,True,False,false,1.0,MONTH,960g,['Produit bio'],https://courses.monoprix.fr/images-v3/0c44253f-c4a3-4340-9d37-d41e42b9d14a/419fea57-2cba-4f4f-bf76-3e2a64813f1f/300x300.jpg
Bébé,27778d60-901f-4d04-9add-da4d45376417,MPX_2625310,[Par Naturalia]  Babybio Crème Semoule Cacao Dès 8 Mois 4x85g,4.35,12.79,"['Bio', 'Bébé bio', 'Dessert aux Fruits et Lacté bio']",Babybio,True,False,false,2.0,MONTH,4 x 85g,['Produit bio'],https://courses.monoprix.fr/images-v3/0c44253f-c4a3-4340-9d37-d41e42b9d14a/0b97120b-41b0-4bdc-8cd8-c5d61ca2469b/300x300.jpg
Bébé,506aad98-c537-4558-b6b4-a19d379d9f30,MPX_3860522,Babybio Bol Bonne Nuit Pomme de Terre Courgette Parmesan 2X200g,3.29,8.23,"['Bébé', 'Bébé bio', 'Repas du soir bio']",Babybio,True,False,false,2.0,MONTH,2 x 200g,['Produit bio'],https://courses.monoprix.fr/images-v3/0c44253f-c4a3-4340-9d37-d41e42b9d14a/4844122e-5ef3-48ad-8de7-52ae910e84fc/300x300.jpg
Bébé,c29d2016-ecda-4620-9664-6c9799e81e2f,MPX_3221690,Monoprix Bébé Culottes Taille 5 x38,10.9,0.29,"['Bébé', 'Monoprix Bébé', 'Couches et Culottes']",Monoprix bébé,True,False,false,,,38 par pack,[],https://courses.monoprix.fr/images-v3/0c44253f-c4a3-4340-9d37-d41e42b9d14a/ba1b8016-c39f-4e4b-8d3a-26b9bdd448b2/300x300.jpg
Bébé,5c8ae9d7-a0b7-49ad-b5a8-2b3c317d6b29,MPX_1168523,Babybio Petits Pots Banane Pomme d'Aquitaine Dès 4 Mois 2x130g,2.75,10.58,"['Naturalia', 'Bébé', 'Alimentation Bébé']",Babybio,True,False,false,6.0,MONTH,2 x 130g,['Produit bio'],https://courses.monoprix.fr/images-v3/0c44253f-c4a3-4340-9d37-d41e42b9d14a/f249634b-b8e4-4cee-9b29-f0ac2d4093a5/300x300.jpg
Bébé,e6438048-1eea-4c22-9616-4872ad2756d4,MPX_5488712,"Biolane Pure Water Lingettes 99,9% d'Eau Purifiée x48",3.59,0.07,"['Bébé', 'Hygiène et Soin Bébé', 'Lingette et Coton']",Biolane,True,False,false,2.0,MONTH,48 par pack,[],https://courses.monoprix.fr/images-v3/0c44253f-c4a3-4340-9d37-d41e42b9d14a/1b352881-16ee-4ffa-90e5-fb0797c69020/300x300.jpg
Bébé,22da616b-4583-49e8-b751-30596c836ff6,MPX_809683,Babybio Petits Boudoirs à l'Huile Essentielle D'Orange Douce Dès 8/10M 120g,3.29,27.42,"['Naturalia', 'Bébé', 'Alimentation Bébé']",Babybio,True,False,false,6.0,MONTH,120g,['Produit bio'],https://courses.monoprix.fr/images-v3/0c44253f-c4a3-4340-9d37-d41e42b9d14a/0d10382c-7b1e-4872-8b77-45ffeb2b95fb/300x300.jpg
Bébé,0a89d5d6-d645-4fd0-830d-fbe22476394b,MPX_1864591,Babybio Mouliné de Carotte des Landes & Quinoa 2x200g,3.79,9.48,"['Naturalia', 'Bébé', 'Alimentation Bébé']",Babybio,True,False,false,6.0,MONTH,400g,['Produit bio'],https://courses.monoprix.fr/images-v3/0c44253f-c4a3-4340-9d37-d41e42b9d14a/aa1c1d8f-6ccb-4ad0-8144-f2777031d792/300x300.jpg
Bébé,ba28ad5c-0220-4709-a2f4-643e660837b7,MPX_1168515,Babybio Purée de Pomme et Vanille Bio dès 4mois 2x130g,2.75,10.58,"['Naturalia', 'Bébé', 'Alimentation Bébé']",Babybio,True,False,false,6.0,MONTH,2 x 130g,['Produit bio'],https://courses.monoprix.fr/images-v3/0c44253f-c4a3-4340-9d37-d41e42b9d14a/02033fc2-5f8e-49a7-ae80-36f54dd2fbd7/300x300.jpg
Bébé,629ee59f-1bd8-4b7f-961b-6c472ccaea1b,MPX_2614409,[Par Naturalia] Good Goût Gourde Prunes 4M 120g Bio,2.0,16.67,"['Naturalia', 'Bébé', 'Alimentation Bébé']",Good Goût,True,False,false,2.0,MONTH,120g,"['Produit végétarien', 'Produit bio']",https://courses.monoprix.fr/images-v3/0c44253f-c4a3-4340-9d37-d41e42b9d14a/62a1df74-ac5e-43f8-afe4-291de49dd15b/300x300.jpg
Bébé,9ffa3fec-68e5-4651-968f-eab4d410f95e,MPX_3221701,Monoprix Bébé Carrés De Soin X100,3.19,3.19,"['Bébé', 'Monoprix Bébé', 'Hygiène et soin bébé']",Monoprix Bébé,True,False,false,,,,[],https://courses.monoprix.fr/images-v3/0c44253f-c4a3-4340-9d37-d41e42b9d14a/13166a68-234b-4226-af47-553a04c6d348/300x300.jpg
Bébé,2bebb747-c3ef-421c-a345-2b148fda010b,MPX_3392250,Monoprix Bébé Couches Taille 5 X44,9.29,0.21,"['Bébé', 'Monoprix Bébé', 'Couches et Culottes']",Monoprix Bébé,True,False,false,,,44 par pack,[],https://courses.monoprix.fr/images-v3/0c44253f-c4a3-4340-9d37-d41e42b9d14a/6d3c0cab-1c88-47ea-9b34-74ea150e0e99/300x300.jpg
Bébé,5da9155a-968e-4bc4-94ca-5ba95d29d36a,MPX_6593524,Mixa bébé shampooing très doux 300ml,3.29,10.97,"['Nos sélections', 'Inspiration du moment', '& Jeunes Parents', 'Soin bébé']",Mixa,True,False,false,,,300ml,[],https://courses.monoprix.fr/images-v3/0c44253f-c4a3-4340-9d37-d41e42b9d14a/c1d70cb6-23f5-446c-a02c-7a2a633506ca/300x300.jpg
Bébé,8817bab8-f1f8-4465-bd5a-383d2acf5e77,MPX_2625610,Babybio Petits Pots Pomme Fraise dès 6 Mois 2x130g,2.89,11.12,"['Naturalia', 'Bébé', 'Alimentation Bébé']",Babybio,True,False,false,6.0,MONTH,2 x 130g,['Produit bio'],https://courses.monoprix.fr/images-v3/0c44253f-c4a3-4340-9d37-d41e42b9d14a/6370d1e8-da54-4d5e-8402-6fb9e8535dc8/300x300.jpg
Bébé,08d0e929-7fbc-4c02-b65f-71e4a61efaef,MPX_1168517,Babybio Pêche Pomme d'Aquitaine des 4 mois 2x130g,2.65,10.19,"['Naturalia', 'Bébé', 'Alimentation Bébé']",Babybio,True,False,false,6.0,MONTH,2 x 130g,['Produit bio'],https://courses.monoprix.fr/images-v3/0c44253f-c4a3-4340-9d37-d41e42b9d14a/53490182-6166-4e91-b1aa-569e1b5cd7b2/300x300.jpg
Bébé,670dd443-1867-4f36-b003-d089d7f9e9f1,MPX_3178513,Monoprix Bébé Lingettes Sensitive 3X64,5.19,5.19,"['Bébé', 'Monoprix Bébé', 'Hygiène et soin bébé']",Monoprix Bébé,True,False,false,,,,[],https://courses.monoprix.fr/images-v3/0c44253f-c4a3-4340-9d37-d41e42b9d14a/7d025efa-bc23-4cc8-9755-16a0fa25e146/300x300.jpg
Bébé,8cb5061b-25aa-442b-b0e9-c6e9af5ef10d,MPX_2924648,Hipp Biologique La Mamma Cannelloni aux Légumes 250g,3.59,14.36,"['Naturalia', 'Bébé', 'Alimentation Bébé']",Hipp Biologique,True,False,false,1.0,MONTH,250g,['Produit bio'],https://courses.monoprix.fr/images-v3/0c44253f-c4a3-4340-9d37-d41e42b9d14a/956de514-0166-4345-a2e9-f3c879339ed0/300x300.jpg
Bébé,d27b5558-7a02-4066-bc9c-1187dae13d97,MPX_4219437,"Babybio Assiette Butternut, Pommes de Terre, Fromage 230g",2.39,10.39,"['Bio', 'Bébé bio', 'Repas à base de légume bio', 'De 0 à 6 mois']",Babybio,True,False,false,3.0,DAY,230g,['Produit bio'],https://courses.monoprix.fr/images-v3/0c44253f-c4a3-4340-9d37-d41e42b9d14a/a86c46b3-bf6c-418c-a4c7-a327c0d032c1/300x300.jpg
Bébé,1dad88d2-8023-4212-ac16-ef0303edab90,MPX_1168522,Babybio Petits Pots Pomme d'Aquitaine Pruneau d'Agen 2x130g,2.85,10.96,"['Naturalia', 'Bébé', 'Alimentation Bébé']",Babybio,True,False,false,6.0,MONTH,2 x 130g,['Produit bio'],https://courses.monoprix.fr/images-v3/0c44253f-c4a3-4340-9d37-d41e42b9d14a/b18344d0-afe0-4ec2-9285-8def383d5f3d/300x300.jpg
Bébé,40439e9a-5f0d-4bba-96d0-f57752e2af74,MPX_3172500,Babybio Pomme de terre du Val de Loire Epinard Chèvre 2x200g,4.35,10.88,"['Bébé', 'Bébé bio', 'Repas à base de légume bio', 'De 6 à 12 mois']",Babybio,True,False,false,2.0,MONTH,2 x 200g,['Produit bio'],https://courses.monoprix.fr/images-v3/0c44253f-c4a3-4340-9d37-d41e42b9d14a/677dd60d-ebac-4f72-812c-f80b82b46c8a/300x300.jpg
Bébé,7b5f31a3-0e23-4ec4-9063-1feccb3dc63e,MPX_3392248,Monoprix Bébé Couches Taille 4 x50,9.49,0.19,"['Bébé', 'Monoprix Bébé', 'Couches et Culottes']",Monoprix Bébé,True,False,false,,,50 par pack,[],https://courses.monoprix.fr/images-v3/0c44253f-c4a3-4340-9d37-d41e42b9d14a/9d7e4e25-6222-4812-8297-cb5de6e7108b/300x300.jpg
Bébé,d6775371-dbc2-4176-98f3-c2d2ece53ac7,MPX_809678,[Par Naturalia]  Babybio Céréales Vanille avec Quinoa 220g,5.45,24.77,"['Naturalia', 'Bébé', 'Alimentation Bébé']",Babybio,True,False,false,6.0,MONTH,220g,['Produit bio'],https://courses.monoprix.fr/images-v3/0c44253f-c4a3-4340-9d37-d41e42b9d14a/858250bd-ff0d-43d8-9523-3e0270c92cec/300x300.jpg
Bébé,21e16da7-1a73-47fd-b5f2-4003a257d5e8,MPX_3306105,Babybio Dessert Pomme d'Aquitaine Châtaigne d'Ardèche Dès 6 mois 2x130g,2.99,11.5,"['Naturalia', 'Bébé', 'Alimentation Bébé']",Babybio,True,False,false,6.0,MONTH,2 x 130g,['Produit bio'],https://courses.monoprix.fr/images-v3/0c44253f-c4a3-4340-9d37-d41e42b9d14a/8e59e71a-1fbf-4695-818b-292f0e50fa2a/300x300.jpg
Bébé,6232bf94-c815-44d0-9fe5-bff355ccbb17,MPX_3303601,Blédina Compote Bio Pommes Nectarines Bananes Dès 6 Mois 2x130g,2.89,11.12,"['Bébé', 'Bébé bio', 'Dessert aux Fruits et Lacté bio', 'Dessert aux Fruits bio']",Blédina,True,False,false,6.0,MONTH,2 x 130g,"['Produit végétarien', 'Produit bio']",https://courses.monoprix.fr/images-v3/0c44253f-c4a3-4340-9d37-d41e42b9d14a/5d6c4635-6390-4470-b961-ad9a12702635/300x300.jpg
Bébé,b441b41f-8193-4fed-bb5c-264815644740,MPX_3939067,BabyBio Marmitte du Potager Patate Douce & Blé dès 15M 260g,2.29,8.81,"['Bébé', 'Bébé bio', 'Repas à base de légume bio', '12 mois et plus']",Babybio,True,False,false,2.0,MONTH,260g,['Produit bio'],https://courses.monoprix.fr/images-v3/0c44253f-c4a3-4340-9d37-d41e42b9d14a/2a1d2228-b451-486d-9074-50f30c722342/300x300.jpg
Bébé,b875c1a5-2d83-41f9-b8f9-f698d84f6d1b,MPX_3221707,Monoprix Bébé BIO Lingettes épaisses x64,3.09,3.09,"['Bébé', 'Bébé bio', 'Couche écologique et Soin bio', 'Soin bio']",Monoprix bébé,True,False,false,,,,[],https://courses.monoprix.fr/images-v3/0c44253f-c4a3-4340-9d37-d41e42b9d14a/c5af7f93-1d46-4e24-8cf7-65f6e680d801/300x300.jpg
Bébé,6221ab40-a9ca-4291-a979-57507286fb57,MPX_1678207,Nestlé P'Tit Gourmand Crème Dessert Chocolat Dès 8 Mois 4x100g,2.49,6.23,"['Bébé', 'Alimentation bébé', 'Dessert Lacté', 'Coupelle']",P'tit gourmand,True,False,false,2.0,MONTH,4 x 100g,[],https://courses.monoprix.fr/images-v3/0c44253f-c4a3-4340-9d37-d41e42b9d14a/7331f670-0eae-4725-ad8c-b80c0f5307f1/300x300.jpg
Bébé,88784851-8639-470c-8a77-a803ef4e1a12,MPX_4124615,Good Goût Dessert Variétés de Fruits 4x120g,7.75,16.15,"['Bébé', 'Alimentation bébé', 'Dessert Lacté', 'Coupelle']",Good Goût,True,False,false,2.0,MONTH,4 x 120g,['Produit bio'],https://courses.monoprix.fr/images-v3/0c44253f-c4a3-4340-9d37-d41e42b9d14a/976bd959-6021-4923-85a8-91bb5ca5949f/300x300.jpg
Bébé,d562bf28-8e54-4fc9-a0b7-606bdddb3e30,MPX_1678212,Nestlé P'Tit Gourmand Crème Dessert Saveur Vanille Dès 6 Mois 4x100g,2.49,6.23,"['Bébé', 'Alimentation bébé', 'Dessert Lacté', 'Coupelle']",P'tit gourmand,True,False,false,2.0,MONTH,4 x 100g,[],https://courses.monoprix.fr/images-v3/0c44253f-c4a3-4340-9d37-d41e42b9d14a/af0cab98-53d7-41ef-a15c-19020eed6952/300x300.jpg
Bébé,d55464c7-1e9c-4efa-b632-fc792dcaf357,MPX_4262748,Monoprix Bébé Couches Culotte Ecolabel Taille 6 x20,9.79,0.49,"['Nos sélections', 'Inspiration du moment', '& Jeunes Parents', 'Couches']",Monoprix Bebe,True,False,false,,,20 par pack,[],https://courses.monoprix.fr/images-v3/0c44253f-c4a3-4340-9d37-d41e42b9d14a/cbc20411-52a2-49dd-8525-c5dce5e9c27c/300x300.jpg
Bébé,1f2d51f4-b3da-47b5-bb17-8b0daebf8484,MPX_1864588,Babybio Maïs doux & Poulet fermier du Poitou 2x200g,3.79,9.48,"['Naturalia', 'Bébé', 'Alimentation Bébé']",Babybio,True,False,false,6.0,MONTH,2 x 200g,['Produit bio'],https://courses.monoprix.fr/images-v3/0c44253f-c4a3-4340-9d37-d41e42b9d14a/73f8a427-cc22-47c7-92c2-31cf111a7175/300x300.jpg
Bébé,de0ac4fc-e293-4c9c-8e96-f29ddc3869fc,MPX_3172028,Babybio purée de mirabelle & pomme Bio 4M le pack de 2x130g,2.99,11.5,"['Naturalia', 'Bébé', 'Alimentation Bébé']",Babybio,True,False,false,6.0,MONTH,2 x 130g,['Produit bio'],https://courses.monoprix.fr/images-v3/0c44253f-c4a3-4340-9d37-d41e42b9d14a/e31692dd-c10f-4700-996b-e43e178420c7/300x300.jpg
Bébé,7e0c1530-46e0-4f2c-938d-2ef94d2afe03,MPX_2079967,Bledina Blédidej Lait et Céréales Biscuité Vanille Dès 12 Mois 4x250ml,4.75,4.75,"['Bébé', 'Alimentation bébé', 'Lait et Céréales', 'Céréales']",Blédina,True,False,false,2.0,MONTH,4 x 250ml,[],https://courses.monoprix.fr/images-v3/0c44253f-c4a3-4340-9d37-d41e42b9d14a/c8ee833a-3084-4b10-8622-f230cd5aa979/300x300.jpg
Bébé,eaa78526-4f28-485e-9449-9273f116efac,MPX_3822686,Good Goût Les Animaux Tout Bio Citron Dès 10 Mois 80g,4.45,55.63,"['Naturalia', 'Bébé', 'Alimentation Bébé']",Good Goût,True,False,false,2.0,MONTH,80g,['Produit bio'],https://courses.monoprix.fr/images-v3/0c44253f-c4a3-4340-9d37-d41e42b9d14a/fb6070d1-cfb7-4ae8-acad-05942047ca72/300x300.jpg
Bébé,c6fce958-a5b4-418e-aab5-515fe3011774,MPX_4337687,Waterwipes Lingettes Bébé 48X3,12.5,12.5,"['Nos sélections', 'Inspiration du moment', '& Jeunes Parents', 'Lingettes']",WATERWIPES,True,False,false,,,,[],https://courses.monoprix.fr/images-v3/0c44253f-c4a3-4340-9d37-d41e42b9d14a/ed4007ed-4fb6-4df8-8883-699f5603f2de/300x300.jpg
Bébé,d4bb801f-57a8-43a6-a2b3-7e2fb83c23c6,MPX_2924659,"Hipp Biologique Purées de Fruits 4 Variétés, Dès 4/6 Mois",9.99,13.88,"['Naturalia', 'Bébé', 'Alimentation Bébé']",Hipp,True,False,false,2.0,MONTH,720g,['Produit bio'],https://courses.monoprix.fr/images-v3/0c44253f-c4a3-4340-9d37-d41e42b9d14a/0998d151-62e1-44e5-a1c0-d2d8ed74e1cb/300x300.jpg
Bébé,1cf3d938-1a96-417d-a7ab-8f3aaaa6e0ae,MPX_3939086,Babybio Petit pot carotte pruneau bœuf 2 x 200g,3.29,8.23,"['Naturalia', 'Bébé', 'Alimentation Bébé']",Babybio,True,False,false,6.0,MONTH,2 x 200g,['Produit bio'],https://courses.monoprix.fr/images-v3/0c44253f-c4a3-4340-9d37-d41e42b9d14a/1ef974f7-f819-4419-a8fe-a8510363d63b/300x300.jpg
Bébé,d6937c9f-2a44-4a8b-9fa4-8fb2c7ba1246,MPX_3306350,"[Par Naturalia]  Babybio Brassé Nature Sucré, Dès 6 Mois, 4 x 85g",5.19,15.26,"['Naturalia', 'Bébé', 'Alimentation Bébé']",Babybio,True,False,false,2.0,MONTH,4 x 85g,['Produit bio'],https://courses.monoprix.fr/images-v3/0c44253f-c4a3-4340-9d37-d41e42b9d14a/0286fdd4-a6e2-445e-b696-25f24eb3097e/300x300.jpg
Bébé,a8dc8d68-465b-4360-ba2c-f72bb7e21d4c,MPX_1033496,Biolane Lingettes Épaisses H2O Hypoallergéniques X10,1.35,1.35,"['Bébé', 'Hygiène et Soin Bébé', 'Lingette et Coton']",Biolane,True,False,false,1.0,YEAR,,[],https://courses.monoprix.fr/images-v3/0c44253f-c4a3-4340-9d37-d41e42b9d14a/118602f4-dd19-4d0d-a58c-1e5b42173868/300x300.jpg
Bébé,9fb40868-4bb3-45ab-a89b-92703b6499e0,MPX_5611381,Monoprix bébé lingettes eau x60,2.95,0.05,"['Nos sélections', 'Inspiration du moment', '& Jeunes Parents', 'Lingettes']",Monoprix,True,False,false,,,60 par pack,[],https://courses.monoprix.fr/images-v3/0c44253f-c4a3-4340-9d37-d41e42b9d14a/7307e66b-6752-4a4a-9ba7-b144596ee5f5/300x300.jpg
Bébé,0659bc0f-9007-4791-a08d-fe42d2f7788b,MPX_3292246,Blédina Petits Pots Bio Tomates Riz Veau Dès 6 Mois 2x200g,4.35,10.88,"['Bébé', 'Bébé bio', 'Repas à base de viande ou poisson bio', 'De 6 à 12 mois']",Blédina,True,False,false,1.0,MONTH,2 x 200g,['Produit bio'],https://courses.monoprix.fr/images-v3/0c44253f-c4a3-4340-9d37-d41e42b9d14a/6dbe91e2-5d52-4fbb-ae82-6b15e45e8a22/300x300.jpg
Bébé,e44c8a96-9fed-42ea-8c0f-f5709229c98d,MPX_4262747,Monoprix Bébé Culottes Ecologique T5 x22,9.99,0.45,"['Nos sélections', 'Inspiration du moment', '& Jeunes Parents', 'Couches']",Monoprix Bebe,True,False,false,,,22 par pack,[],https://courses.monoprix.fr/images-v3/0c44253f-c4a3-4340-9d37-d41e42b9d14a/e20cf2b2-6c5d-4bfc-a5fb-9bd33e524580/300x300.jpg
Bébé,20885fa2-c4ca-4bea-a2e4-21e65e1a9edb,MPX_4261321,Hipp Biologique P'Tits Veggies Dahl de Légumes variés & Lentilles Corail Dès 12 mois 230g,2.49,10.83,"['Bébé', 'Bébé bio', 'Repas à base de légume bio', '12 mois et plus']",Hipp Biologique,True,False,false,2.0,MONTH,230g,['Produit bio'],https://courses.monoprix.fr/images-v3/0c44253f-c4a3-4340-9d37-d41e42b9d14a/2f6703bb-039a-4567-82c0-686bcf06574a/300x300.jpg
Bébé,9fa4d486-41c9-47f5-96ca-c65e311adeb0,MPX_2875228,[Para] Mustela Gel Lavant Doux Corps et Cheveux à l'Avocat Vegan 500ml,8.55,17.1,"['Parapharmacie', 'Bébé et Maman', 'Toilette bébé']",Mustela,True,False,false,2.0,MONTH,500ml,[],https://courses.monoprix.fr/images-v3/0c44253f-c4a3-4340-9d37-d41e42b9d14a/eb69ca6e-6ab0-404f-ac01-6dee343d7da1/300x300.jpg
Bébé,676b7fc0-b48f-44a1-bf2c-2e3edcb62412,MPX_3939053,Babybio Petit Pot Délice de Fruits Compotes pour bébé dès 6 mois 2 x 130g,1.99,7.65,"['Naturalia', 'Bébé', 'Alimentation Bébé']",Babybio,True,False,false,6.0,MONTH,2 x 130g,['Produit bio'],https://courses.monoprix.fr/images-v3/0c44253f-c4a3-4340-9d37-d41e42b9d14a/397c9b94-b539-41af-a968-f9fd521b6304/300x300.jpg
Bébé,59931cb2-c960-418c-b5ed-906177c42a9e,MPX_3303613,Blédina Petits Pots Bio Pommes Poires Dès 4/6 Mois 2x130g,2.59,9.96,"['Bébé', 'Bébé bio', 'Dessert aux Fruits et Lacté bio', 'Dessert aux Fruits bio']",Blédina,True,False,false,6.0,MONTH,2 x 130g,"['Produit végétarien', 'Produit bio']",https://courses.monoprix.fr/images-v3/0c44253f-c4a3-4340-9d37-d41e42b9d14a/e344c126-e6bf-4a97-b6c7-ef8b6bfb267b/300x300.jpg
Bébé,dd85fab8-8442-4cc8-a64d-6e78400e84a6,MPX_3317868,"Babybio Légumes à La Basquaise, Poulet Fermier Du Poitou, Dès 15 Mois 260g",3.09,11.88,"['Bébé', 'Bébé bio', 'Repas à base de viande ou poisson bio', '12 mois et plus']",Babybio,True,False,false,2.0,MONTH,260g,['Produit bio'],https://courses.monoprix.fr/images-v3/0c44253f-c4a3-4340-9d37-d41e42b9d14a/66bf4a03-6278-43f4-969a-a60cd1b5198c/300x300.jpg
Bébé,7b1a9af8-d773-41c0-9fa5-c641ffa8cad2,MPX_1168513,Babybio Petits Pots Jardinière de Légumes Dès 4 Mois 2x130g,2.89,11.12,"['Naturalia', 'Bébé', 'Alimentation Bébé']",Babybio,True,False,false,6.0,MONTH,2 x 130g,['Produit bio'],https://courses.monoprix.fr/images-v3/0c44253f-c4a3-4340-9d37-d41e42b9d14a/1b1042b7-80bc-435a-8174-b1fb006c5253/300x300.jpg
Bébé,2bde1230-b90f-428e-b87a-a07c23d5a430,MPX_3939058,BabyBio Navarin de Petits Légumes & Agneau dès 12M 230g,2.65,11.52,"['Naturalia', 'Bébé', 'Alimentation Bébé']",Babybio,True,False,false,2.0,MONTH,230g,['Produit bio'],https://courses.monoprix.fr/images-v3/0c44253f-c4a3-4340-9d37-d41e42b9d14a/7d0e8b8e-6fae-451f-8a0a-53c7e9b9e19f/300x300.jpg
Bébé,e5a39330-3935-487d-ac36-fee3e92c16db,MPX_6714103,Hipp Biologique Lait 3 Combiotic Bio 800g,17.9,22.38,"['Bébé', 'Alimentation bébé', 'Lait et Céréales', 'Lait bio']",Hipp Biologique,True,False,false,2.0,MONTH,800g,['Produit bio'],https://courses.monoprix.fr/images-v3/0c44253f-c4a3-4340-9d37-d41e42b9d14a/4bc7286e-d514-4d31-b0d8-b7c9d9bd10d7/300x300.jpg
Bébé,7efbfe6a-dfb9-48da-bedf-a10f9196bf72,MPX_1652114,Babybio Petits Pots Légumes Verts 2x130g,2.75,10.58,"['Naturalia', 'Bébé', 'Alimentation Bébé']",Babybio,True,False,false,6.0,MONTH,2 x 130g,['Produit bio'],https://courses.monoprix.fr/images-v3/0c44253f-c4a3-4340-9d37-d41e42b9d14a/46dcd9f3-f0fd-4c31-b6ca-84be5b37b31d/300x300.jpg
Bébé,52413192-f120-47c7-8785-54f8e091af9a,MPX_3939100,BabyBio Plat Ratatouille & Riz de Camargue Dès 12M 2x200G,3.29,8.23,"['Bébé', 'Bébé bio', 'Repas à base de légume bio', '12 mois et plus']",Babybio,True,False,false,2.0,MONTH,2 x 200g,"['Produit végétarien', 'Produit bio']",https://courses.monoprix.fr/images-v3/0c44253f-c4a3-4340-9d37-d41e42b9d14a/8208e720-6e1f-4087-a6ea-d5faeb00234e/300x300.jpg
Bébé,4b854816-cb38-4ffd-84e6-4e57b9cdcccf,MPX_1786922,"[Par Naturalia]  Babybio Fondue de carotte, maïs et quinoa, dès 12 mois, Bio 230g",2.55,11.09,"['Naturalia', 'Bébé', 'Alimentation Bébé']",Babybio,True,False,false,6.0,MONTH,230g,"['Produit végétarien', 'Produit bio']",https://courses.monoprix.fr/images-v3/0c44253f-c4a3-4340-9d37-d41e42b9d14a/78534d38-2fec-46e9-9df5-92f2c72e4d09/300x300.jpg
Bébé,bd7443a0-5472-49e1-8dab-90d5339278a7,MPX_3390901,"Blédina Purée de Courgettes, Poulet Fermier, Thym, dès 6 Mois, Bio 2 x 200g",4.19,10.48,"['Bébé', 'Bébé bio', 'Repas à base de viande ou poisson bio', 'De 6 à 12 mois']",Blédina,True,False,false,6.0,MONTH,2 x 200g,['Produit bio'],https://courses.monoprix.fr/images-v3/0c44253f-c4a3-4340-9d37-d41e42b9d14a/3b0ead18-8cc1-4355-baba-38df1b7d0d28/300x300.jpg
Bébé,524423f9-b643-4fb3-8957-92ba4332d269,MPX_3648466,"Gallia Croissance 3 Lait en poudre Bio dès 10 mois, 800g",21.9,27.38,"['Bébé', 'Bébé bio', 'Lait et Céréales bio', 'Lait croissance bio']",Laboratoire Gallia,True,False,false,6.0,MONTH,800g,['Produit bio'],https://courses.monoprix.fr/images-v3/0c44253f-c4a3-4340-9d37-d41e42b9d14a/b4325383-2bef-4b3f-a0d1-65c19a038438/300x300.jpg
Bébé,445817ed-53dd-44ea-8670-53bbed967d3d,MPX_3939137,"Babybio 3 céréales nature blé, avoine, riz 220g ",2.15,9.77,"['Bébé', 'Bébé bio', 'Lait et Céréales bio', 'Céréales bio']",Babybio,True,False,false,6.0,MONTH,220g,['Produit bio'],https://courses.monoprix.fr/images-v3/0c44253f-c4a3-4340-9d37-d41e42b9d14a/1fc2541e-d962-42e4-b65c-0e5298b90cfb/300x300.jpg
Bébé,925bf952-5b12-4bbc-84db-b98efdaaa10c,MPX_4123770,Nestlé P’tit Brassé Fraise dessert pour Bébé dès 6 Mois bio 4x90g,3.29,9.14,"['Bio', 'Bébé bio', 'Dessert aux Fruits et Lacté bio', 'Dessert aux Fruits bio']",Nestlé,True,False,false,1.0,MONTH,4 x 90g,"['Produit végétarien', 'Produit bio']",https://courses.monoprix.fr/images-v3/0c44253f-c4a3-4340-9d37-d41e42b9d14a/e747b9a0-92b8-46a9-bc24-863e7ca9db14/300x300.jpg
Bébé,c51424f6-b959-45f6-aa55-174dafe94f3e,MPX_2810848,Monoprix Bébé Lingettes épaisses 2x72,3.99,0.03,"['Nos sélections', 'Inspiration du moment', '& Jeunes Parents', 'Lingettes']",Monoprix Bébé,True,False,false,,,2 x 72 par pack,[],https://courses.monoprix.fr/images-v3/0c44253f-c4a3-4340-9d37-d41e42b9d14a/caa96d69-9d54-4541-9d9a-dc7d537409f8/300x300.jpg
Bébé,05d1bb87-a17b-4988-a32e-37f2220b7ac6,MPX_3939071,BabyBio Pâtes à la Napolitaine Tomate d'Aquitaine Dès 8M 400g,2.99,7.48,"['Bébé', 'Bébé bio', 'Repas du soir bio']",Babybio,True,False,false,2.0,MONTH,400g,['Produit bio'],https://courses.monoprix.fr/images-v3/0c44253f-c4a3-4340-9d37-d41e42b9d14a/7e31c55a-e978-4151-8e39-0f72d6b57c6e/300x300.jpg
Bébé,435c500f-04d4-42d8-a5c4-7661276c3d21,MPX_3939069,BabyBio Méli-mélo de Légumes Saumon & Riz Dès 15 mois 260g,3.09,11.88,"['Bébé', 'Bébé bio', 'Repas à base de viande ou poisson bio', '12 mois et plus']",Babybio,True,False,false,2.0,MONTH,260g,['Produit bio'],https://courses.monoprix.fr/images-v3/0c44253f-c4a3-4340-9d37-d41e42b9d14a/d33dd782-c5e0-4f94-a363-d48b65c93550/300x300.jpg
Bébé,877658f7-b4dd-428b-83a8-6257d80a1c04,MPX_3303564,"Blédina Brassé Nature 6-36 mois, 6x95g",3.99,7.0,"['Bébé', 'Alimentation bébé', 'Dessert Lacté', 'Coupelle']",Blédina,True,False,false,1.0,MONTH,570g,[],https://courses.monoprix.fr/images-v3/0c44253f-c4a3-4340-9d37-d41e42b9d14a/e48da3f0-bfde-4549-9a9b-138840f0f0d9/300x300.jpg
Bébé,c67350f3-17e4-4b63-a7ec-903fed6a6c38,MPX_3303615,Blédina Petits Pots Pommes Pruneaux Bio Dès 4/6 mois 2x130g,2.79,10.73,"['Bébé', 'Bébé bio', 'Dessert aux Fruits et Lacté bio', 'Dessert aux Fruits bio']",Blédina,True,False,false,6.0,MONTH,2 x 130g,"['Produit végétarien', 'Produit bio']",https://courses.monoprix.fr/images-v3/0c44253f-c4a3-4340-9d37-d41e42b9d14a/3ea59c29-6ead-457f-acf1-47f1c3210076/300x300.jpg
Bébé,7beb5adc-581e-43f1-a00c-fd5659f17410,MPX_3873824,Bledina Bledichef 250G Pâtes Etoiles À La Sauce Tomate Et Jambon Dès 15 Mois,1.79,7.16,"['Bébé', 'Alimentation bébé', 'Repas à base de viande ou poisson', '12 mois et plus']",Blédina,True,False,false,2.0,MONTH,250g,[],https://courses.monoprix.fr/images-v3/0c44253f-c4a3-4340-9d37-d41e42b9d14a/6851f12a-2fd9-4515-9971-23964719d631/300x300.jpg
Bébé,b952ae1e-38c8-4fd8-bcf8-437c0770b032,MPX_3392249,Monoprix Bébé Couches Taille 4+ x50,9.69,0.19,"['Bébé', 'Monoprix Bébé', 'Couches et Culottes']",Monoprix Bébé,True,False,false,,,50 par pack,[],https://courses.monoprix.fr/images-v3/0c44253f-c4a3-4340-9d37-d41e42b9d14a/e5a82e14-62ea-4917-8baf-2f5e940e942b/300x300.jpg
Bébé,9e8fbb15-8a55-4d9a-a8cf-dc978d55765c,MPX_3292244,Blédina Petits Pots Bio Patates Douces Dès 4/6 Mois 2x130g,2.55,9.81,"['Bébé', 'Bébé bio', 'Repas à base de légume bio', 'De 0 à 6 mois']",Blédina,True,False,false,6.0,MONTH,2 x 130g,"['Produit végétarien', 'Produit bio']",https://courses.monoprix.fr/images-v3/0c44253f-c4a3-4340-9d37-d41e42b9d14a/ed3581e5-02b2-4aa3-9242-923ede8cfc56/300x300.jpg
Bébé,0683507c-8a02-449a-b8f3-3f0de6c08434,MPX_6734656,Good Goût kidz Poire bettrave 120g,1.79,14.92,"['Bébé', 'Alimentation bébé', 'Dessert aux Fruits', 'Gourde et Doypack']",GOOD GOUT KIDZ,True,False,false,2.0,MONTH,120g,[],https://courses.monoprix.fr/images-v3/0c44253f-c4a3-4340-9d37-d41e42b9d14a/14a9ce76-cb19-40ea-842f-cd7960f2a85e/300x300.jpg
Bébé,a7307a0e-0b79-47a1-b8c8-3b479bc245ae,MPX_3939070,"BabyBio Plat Carotte des Landes, Tomate & Polenta Dès 12M 2x200g",3.29,8.23,"['Bébé', 'Bébé bio', 'Repas à base de légume bio', '12 mois et plus']",Babybio,True,False,false,2.0,MONTH,2 x 200g,"['Produit végétarien', 'Produit bio']",https://courses.monoprix.fr/images-v3/0c44253f-c4a3-4340-9d37-d41e42b9d14a/9a8bc8be-1e76-4a3e-ad62-ccb8d048bc96/300x300.jpg
Bébé,9348bc2f-09ac-4be7-8fdf-1b32ba56bc3a,MPX_5703438,Blédina les Récoltes Pot Butternut Carottes Epeautre dès 6 mois Bio 2x200g,3.29,8.23,"['Bébé', 'Bébé bio', 'Repas du soir bio']",Blédina,True,False,false,6.0,MONTH,2 x 200g,['Produit bio'],https://courses.monoprix.fr/images-v3/0c44253f-c4a3-4340-9d37-d41e42b9d14a/f1563876-bfaf-4875-a51a-d8795da2708f/300x300.jpg
Bébé,c863dddd-6157-4098-873d-bdd6752445d4,MPX_3292249,Blédina Petits Pots Bio Petits Légumes du Jardin Bœuf 2x200g,4.35,10.88,"['Bébé', 'Bébé bio', 'Repas à base de viande ou poisson bio', 'De 6 à 12 mois']",Blédina,True,False,false,1.0,MONTH,2 x 200g,['Produit bio'],https://courses.monoprix.fr/images-v3/0c44253f-c4a3-4340-9d37-d41e42b9d14a/74d1bb4b-2e85-4db5-bed8-56c5b8ed166d/300x300.jpg
Bébé,11650209-ff52-43a1-a974-5e0a396ee98f,MPX_1168520,Babybio Pot Bébé Pomme et Myrtille 4M Bio 2x130g,2.85,10.96,"['Naturalia', 'Bébé', 'Alimentation Bébé']",Babybio,True,False,false,6.0,MONTH,2 x 130g,['Produit bio'],https://courses.monoprix.fr/images-v3/0c44253f-c4a3-4340-9d37-d41e42b9d14a/653211f0-8728-4bf1-bbc5-e89d0d061daa/300x300.jpg
Bébé,ad15ce2d-19b8-4142-a696-4098b575f123,MPX_5176245,Biolane - Lingettes Visage & Mains - X64,3.45,0.05,"['Bébé', 'Hygiène et Soin Bébé', 'Lingette et Coton']",Biolane,True,False,false,1.0,YEAR,64 par pack,[],https://courses.monoprix.fr/images-v3/0c44253f-c4a3-4340-9d37-d41e42b9d14a/333e76f7-b5fa-44a1-95ea-f8a8a29c11e9/300x300.jpg
Bébé,c0746a2b-bf55-4700-9ecd-471f75e86d34,MPX_3860519,Babybio Légumes & Pâtes Façon Bolognaise 6Mois et+ 2x200g,3.83,9.58,"['Bébé', 'Bébé bio', 'Repas à base de viande ou poisson bio', 'De 6 à 12 mois']",Babybio,True,False,false,6.0,MONTH,2 x 200g,['Produit bio'],https://courses.monoprix.fr/images-v3/0c44253f-c4a3-4340-9d37-d41e42b9d14a/2869c000-666f-4a2b-add9-a46f27290a42/300x300.jpg
Bébé,0962dc4b-ae40-4663-9cac-8150935124c5,MPX_6602757,Pampers premium protection taille 1 x42,11.5,0.27,"['Bébé', 'Couches, Culottes et Couches-culottes', 'Nouveau né']",Pampers,True,False,false,,,42 par pack,[],https://courses.monoprix.fr/images-v3/0c44253f-c4a3-4340-9d37-d41e42b9d14a/70f2f50e-cd50-48c4-b82c-dc96b8601c3b/300x300.jpg
Bébé,307999f3-123b-4bec-b3b6-2dc19fd66b04,MPX_3939088,Babybio Compote Banane fraise Menthe dès 6 mois 2 x 130g,2.85,10.96,"['Naturalia', 'Bébé', 'Alimentation Bébé']",Babybio,True,False,false,6.0,MONTH,2 x 130g,['Produit bio'],https://courses.monoprix.fr/images-v3/0c44253f-c4a3-4340-9d37-d41e42b9d14a/10da603c-b101-4ec8-973e-1276fd8acc6f/300x300.jpg
Bébé,ba78a6fb-835e-4a28-ab99-06dd5c6bd29a,MPX_3789744,Guigoz Lait de Croissance 4 Optipro dès 18 mois 900g,16.5,18.33,"['Bébé', 'Alimentation bébé', 'Lait et Céréales', 'Lait de croissance']",NESTLE,True,False,false,6.0,MONTH,900g,[],https://courses.monoprix.fr/images-v3/0c44253f-c4a3-4340-9d37-d41e42b9d14a/051bf2bb-374b-4444-92cd-4bc2e506ec6f/300x300.jpg
Bébé,371b5c15-0100-407b-addb-61fb7f205d3b,MPX_3537027,[Par Naturalia]  Babybio Dessert Brassé Bio Coco Kiwi d'Aquitaine & Banane Dès 6 mois 4x85g,5.55,16.32,"['Naturalia', 'Bébé', 'Alimentation Bébé']",Babybio,True,False,false,2.0,MONTH,4 x 85g,['Produit bio'],https://courses.monoprix.fr/images-v3/0c44253f-c4a3-4340-9d37-d41e42b9d14a/193cb946-0a14-455b-a126-7f381d0307f2/300x300.jpg
Bébé,b211393d-acd1-48c0-9b01-741c39ba6b6f,MPX_6123457,"Blédina petit plat morceaux à dévorer carottes jaunes épinards, pâtes coquilles et touche de crème 200g de 15 à 36 mois",2.95,14.75,"['Bébé', 'Alimentation bébé', 'Repas à base de légume', '12 mois et plus']",Blédina,True,False,false,2.0,MONTH,200g,['Produit végétarien'],https://courses.monoprix.fr/images-v3/0c44253f-c4a3-4340-9d37-d41e42b9d14a/7fa0c9e8-3909-4aa0-845a-75eb9b71d2fb/300x300.jpg
Bébé,74fcfaa7-2d9c-4bbf-a28c-2e2d4bfdd960,MPX_4337673,Waterwipes Lingettes Bébé X48,4.19,0.09,"['Bébé', 'Hygiène et Soin Bébé', 'Lingette et Coton']",WATERWIPES,True,False,false,,,48 par pack,[],https://courses.monoprix.fr/images-v3/0c44253f-c4a3-4340-9d37-d41e42b9d14a/7539c6e6-6d9e-4251-bce0-82d79509e143/300x300.jpg
Bébé,b9490242-5e54-4527-9f6d-5077310cd6ae,MPX_3885940,Bledina Mon 1Er Boudoir 120G Dès 10 Mois,2.19,18.25,"['Bébé', 'Alimentation bébé', 'Biscuit', '12 mois et plus']",Bledina,True,False,false,2.0,MONTH,120g,[],https://courses.monoprix.fr/images-v3/0c44253f-c4a3-4340-9d37-d41e42b9d14a/17f27dcf-a008-46a0-8a3a-5e265841b97c/300x300.jpg
Bébé,54ace949-77c9-46d9-9d06-79ea6ebd314e,MPX_1817592,Blédina Blédidej Croissance Lait et Céréales Saveur Choco Biscuité 4x250ml,4.79,4.79,"['Bébé', 'Alimentation bébé', 'Lait et Céréales', 'Céréales']",Blédina,True,False,false,2.0,MONTH,4 x 250ml,[],https://courses.monoprix.fr/images-v3/0c44253f-c4a3-4340-9d37-d41e42b9d14a/709fb960-5383-43fb-8408-1450ca21020d/300x300.jpg
Bébé,c01e73be-beda-4078-b2dc-674d8be5e588,MPX_3682650,[Par Naturalia] Babybio Optima Croissance 3 Lait en poudre de 10 mois à 3 ans 800g,19.9,24.88,"['Naturalia', 'Bébé', 'Laits infantiles']",Babybio,True,False,false,6.0,MONTH,800g,['Produit bio'],https://courses.monoprix.fr/images-v3/0c44253f-c4a3-4340-9d37-d41e42b9d14a/18c3a713-4c61-447d-bc8c-a07a13205b63/300x300.jpg
Bébé,f7a3107b-3650-40e2-bfc7-451f8fee7794,MPX_5292389,Nestlé P'tit brassé Poire dès 6 mois 4x90g,2.39,6.64,"['Bébé', 'Alimentation bébé', 'Dessert Lacté', 'Coupelle']",P'ti Brassé,True,False,false,2.0,MONTH,4 x 90g,['Produit végétarien'],https://courses.monoprix.fr/images-v3/0c44253f-c4a3-4340-9d37-d41e42b9d14a/90c01a9b-7889-48d7-942d-a97902502c11/300x300.jpg
Bébé,feb67297-de9c-4215-b80c-554080961746,MPX_3390904,"Blédina Brocoli et Pommes de Terre, Bio 2 x 130g",2.55,9.81,"['Bio', 'Bébé bio', 'Repas à base de légume bio', 'De 0 à 6 mois']",Blédina,True,False,false,6.0,MONTH,260g,"['Produit végétarien', 'Produit bio']",https://courses.monoprix.fr/images-v3/0c44253f-c4a3-4340-9d37-d41e42b9d14a/f017905c-2c3a-4d4c-ad3d-d8eaf36d54c1/300x300.jpg
Bébé,00025e46-fa09-459c-885a-4e75c41021e4,MPX_3172497,"Babybio purée de pomme, myrtille et fraise bio 6M le pack de 4x90g",4.25,11.81,"['Naturalia', 'Bébé', 'Alimentation Bébé']",Babybio,True,False,false,2.0,MONTH,4 x 90g,['Produit bio'],https://courses.monoprix.fr/images-v3/0c44253f-c4a3-4340-9d37-d41e42b9d14a/b9293f88-e0ac-4369-861e-187c2f91d91d/300x300.jpg
Bébé,5bb2ea27-7c06-4ad9-b908-7e89ba51fb97,MPX_4210984,Babybio Petit Pots Brassé Nature 2x130g,2.45,9.42,"['Bébé', 'Bébé bio', 'Dessert aux Fruits et Lacté bio', 'Dessert Lacté bio']",Babybio,True,False,false,6.0,MONTH,2 x 130g,['Produit bio'],https://courses.monoprix.fr/images-v3/0c44253f-c4a3-4340-9d37-d41e42b9d14a/b1440b02-f49d-403f-b5de-c8e44494ad1e/300x300.jpg
Bébé,ce8ae0d9-e968-4e8e-9ddb-a2e4ce020d1f,MPX_4124762,Good Goût Banane 4 x 85g,5.35,15.74,"['Bébé', 'Alimentation bébé', 'Dessert aux Fruits', 'Gourde et Doypack']",Good Goût,True,False,false,2.0,MONTH,340g,"['Produit végétarien', 'Produit bio']",https://courses.monoprix.fr/images-v3/0c44253f-c4a3-4340-9d37-d41e42b9d14a/2ccc421d-9c05-4ae0-b8d5-bbefcc1344f9/300x300.jpg
Bébé,339216bb-599d-4ce1-8a31-e042b22f3238,MPX_6734655,Good Gout Kidz Carotte framboise 120g,1.79,14.92,"['Bébé', 'Alimentation bébé', 'Dessert aux Fruits', 'Gourde et Doypack']",GOOD GOUT KIDZ,True,False,false,2.0,MONTH,120g,['Produit bio'],https://courses.monoprix.fr/images-v3/0c44253f-c4a3-4340-9d37-d41e42b9d14a/dc5e0c07-d670-4782-b5e1-268877d68529/300x300.jpg
Bébé,ce866ee3-9a67-4829-ad6f-3e8fb073bb16,MPX_2947990,Biolane Sérum Physiologique x30,5.69,5.69,"['Bébé', 'Hygiène et Soin Bébé', 'Soin et Talc']",Biolane,True,False,false,1.0,YEAR,,[],https://courses.monoprix.fr/images-v3/0c44253f-c4a3-4340-9d37-d41e42b9d14a/983e5151-aa81-4813-b4e7-9f9ec061267a/300x300.jpg
Bébé,c23a7391-03a8-4b5f-b3b7-72ff05b9fb2a,MPX_3292250,Blédina Petits Pots Bio Brocolis Pommes de Terre Veau Français 2x200g,4.35,10.88,"['Bébé', 'Bébé bio', 'Repas à base de viande ou poisson bio', 'De 6 à 12 mois']",Blédina,True,False,false,1.0,MONTH,2 x 200g,['Produit bio'],https://courses.monoprix.fr/images-v3/0c44253f-c4a3-4340-9d37-d41e42b9d14a/6c27f230-b1a2-45cd-b4ec-2be46c72616c/300x300.jpg
Bébé,ba4a769b-9f13-4378-8515-c069b8dd78f5,MPX_4208305,Babybio Petit Pots Courge Violina 2x130g,2.29,8.81,"['Bio', 'Bébé bio', 'Repas à base de légume bio', 'De 0 à 6 mois']",Babybio,True,False,false,1.0,WEEK,2 x 130g,['Produit bio'],https://courses.monoprix.fr/images-v3/0c44253f-c4a3-4340-9d37-d41e42b9d14a/3590c844-4391-4e42-adfd-9854af3dfa9a/300x300.jpg
Bébé,19919bd4-100b-4e47-8117-c693b287a345,MPX_3550558,"Blédina Cassolette de Patate Douce, Légumes et Poulet, dès 15 Mois 250g",1.79,7.16,"['Bébé', 'Alimentation bébé', 'Repas à base de viande ou poisson', '12 mois et plus']",Blédina,True,False,false,2.0,MONTH,250g,[],https://courses.monoprix.fr/images-v3/0c44253f-c4a3-4340-9d37-d41e42b9d14a/945cfa47-a8b3-468e-bcdd-11f1005e8d94/300x300.jpg
Bébé,d7c0e935-89b0-4911-aa93-7ec9a892551b,MPX_3303611,Blédina Compote Bio Pommes Fraises Dès 6 Mois 2x130g,2.89,11.12,"['Bébé', 'Bébé bio', 'Dessert aux Fruits et Lacté bio', 'Dessert aux Fruits bio']",Blédina,True,False,false,6.0,MONTH,2 x 130g,"['Produit végétarien', 'Produit bio']",https://courses.monoprix.fr/images-v3/0c44253f-c4a3-4340-9d37-d41e42b9d14a/4f2333e4-39ad-4b16-9c16-07ac4b01c8ef/300x300.jpg
Bébé,dca24df2-2755-46b2-b220-2d72362f2082,MPX_3292251,Blédina Petits Pots Bio Carottes Petits Pois Poulet Fermier 2x200g,4.35,10.88,"['Bébé', 'Bébé bio', 'Repas à base de viande ou poisson bio', 'De 6 à 12 mois']",Blédina,True,False,false,1.0,MONTH,2 x 200g,['Produit bio'],https://courses.monoprix.fr/images-v3/0c44253f-c4a3-4340-9d37-d41e42b9d14a/6ce7468d-0dca-4835-8a21-a8c506984232/300x300.jpg
Bébé,15d479c7-0d32-445c-9427-df0b02a33de3,MPX_3550568,Blédina blédichef fondue de courgette et petits macaroni 2x230g,4.55,9.89,"['Bébé', 'Alimentation bébé', 'Repas à base de légume', '12 mois et plus']",Blédina,True,False,false,2.0,MONTH,2 x 230g,[],https://courses.monoprix.fr/images-v3/0c44253f-c4a3-4340-9d37-d41e42b9d14a/c49ab1e3-e791-41da-afbf-af7277763aec/300x300.jpg
Bébé,880681d1-1e13-4d6f-819b-4e3c7efb7ad3,MPX_6606355,Biolane Cotons pads Bio x150,4.89,4.89,"['Bébé', 'Bébé bio', 'Couche écologique et Soin bio', 'Soin bio']",Biolane,True,False,false,,,,[],https://courses.monoprix.fr/images-v3/0c44253f-c4a3-4340-9d37-d41e42b9d14a/9f12723d-a785-4e03-9bae-0957963c8e6c/300x300.jpg
Bébé,998c0499-6036-4c38-8b8b-d526f42725e5,MPX_2924661,Hipp Biologique La mamma lasagnes à la bolognaise 250g,3.19,12.76,"['Naturalia', 'Bébé', 'Alimentation Bébé']",Hipp biologique,True,False,false,1.0,MONTH,250g,['Produit bio'],https://courses.monoprix.fr/images-v3/0c44253f-c4a3-4340-9d37-d41e42b9d14a/2858dae1-1458-4d88-b4c1-e552d6737e16/300x300.jpg
Bébé,99396359-ca25-4633-b567-7a655192b7d7,MPX_2875227,[Para] Mustela Eau Nettoyante Sans Rinçage à l'Avocat Vegan 500ml,8.55,17.1,"['Parapharmacie', 'Bébé et Maman', 'Toilette bébé']",Mustela,True,False,false,6.0,MONTH,500ml,[],https://courses.monoprix.fr/images-v3/0c44253f-c4a3-4340-9d37-d41e42b9d14a/7899996e-9a53-4d07-ba94-8586694a391c/300x300.jpg
Bébé,f10f880e-1b4c-462e-9689-a8395e917d64,MPX_4198475,Blédina Biscuit MultiCéréale Pépites de Chocolat 15 Mois 168g,3.99,23.75,"['Bébé', 'Alimentation bébé', 'Biscuit', '12 mois et plus']",Blédina,True,False,false,1.0,MONTH,168g,['Produit végétarien'],https://courses.monoprix.fr/images-v3/0c44253f-c4a3-4340-9d37-d41e42b9d14a/95c0b24c-7f57-4182-b6c2-10d49f69f64a/300x300.jpg
Bébé,17968c28-f2f9-4342-9a98-a1e3a3ae8ff9,MPX_5292399,Nestlé P'Tit Brassé Sans Sucres Ajoutés Fraise Banane Dès 6 Mois x4,2.39,6.64,"['Bébé', 'Alimentation bébé', 'Dessert Lacté', 'Coupelle']",Nestlé,True,False,false,2.0,MONTH,4 x 90g,['Produit végétarien'],https://courses.monoprix.fr/images-v3/0c44253f-c4a3-4340-9d37-d41e42b9d14a/0eea9b31-0ce8-4a3d-8570-15cf78e1271a/300x300.jpg
Bébé,52eb1313-98f4-4d6c-9b72-6db908e72e7d,MPX_2822445,Monoprix Bébé Lingettes épaisses 3x72,5.79,0.03,"['Bébé', 'Monoprix Bébé', 'Hygiène et soin bébé']",Monoprix Bébé,True,False,false,,,3 x 72 par pack,[],https://courses.monoprix.fr/images-v3/0c44253f-c4a3-4340-9d37-d41e42b9d14a/2649318c-d6e0-4248-9ec7-fb4cf80feb23/300x300.jpg
Bébé,3b7ce788-aa19-4f43-87a4-f1fb14e7bfca,MPX_3537021,Babybio biscuit noisette 12m 160g,4.35,27.19,"['Bébé', 'Bébé bio', 'Biscuit bio']",Babybio,True,False,false,2.0,MONTH,160g,['Produit bio'],https://courses.monoprix.fr/images-v3/0c44253f-c4a3-4340-9d37-d41e42b9d14a/35fc23c3-60b2-4d22-98bb-5c9af7161d08/300x300.jpg
Bébé,dc6f6cd1-5fd3-4e04-a087-d58820fa82f2,MPX_2775325,Gallia Lait De Croissance En Poudre 12M 3X400G,19.9,16.58,"['Bébé', 'Alimentation bébé', 'Lait et Céréales', 'Lait de croissance']",Laboratoire Gallia,True,False,false,2.0,MONTH,1.2kg,[],https://courses.monoprix.fr/images-v3/0c44253f-c4a3-4340-9d37-d41e42b9d14a/e1976705-d938-4f68-b596-74da69c426cc/300x300.jpg
Bébé,9ced212f-5fe1-4071-ae53-463f44a60bf4,MPX_3303600,Blédina Petits Pots Bio Carottes de nos Régions Dés 4/6 Mois 2x130g,2.55,9.81,"['Bébé', 'Bébé bio', 'Repas à base de légume bio', 'De 0 à 6 mois']",Blédina,True,False,false,6.0,MONTH,2 x 130g,['Produit bio'],https://courses.monoprix.fr/images-v3/0c44253f-c4a3-4340-9d37-d41e42b9d14a/a5b3b807-3f26-46d7-8e03-8ae61b59b453/300x300.jpg
Bébé,3d616cda-a8b4-40ce-bdac-eb6db0b586bd,MPX_1168521,Babybio purée de fruits bio 2x130g,2.89,11.12,"['Naturalia', 'Bébé', 'Alimentation Bébé']",Babybio,True,False,false,6.0,MONTH,2 x 130g,['Produit bio'],https://courses.monoprix.fr/images-v3/0c44253f-c4a3-4340-9d37-d41e42b9d14a/c9f25a89-9abf-4a52-bbe3-b5a341e30b90/300x300.jpg
Bébé,e1681182-5055-4676-99fd-79f8f5cb2be5,MPX_3939054,[Par Naturalia] Babybio Petits Pots Carotte & Veau dès 8M 2 x 200g,3.29,8.23,"['Naturalia', 'Bébé', 'Alimentation Bébé']",Babybio,True,False,false,6.0,MONTH,2 x 200g,['Produit bio'],https://courses.monoprix.fr/images-v3/0c44253f-c4a3-4340-9d37-d41e42b9d14a/bb794081-e4f5-4d98-8ed3-73e5bd5cde18/300x300.jpg
Bébé,be59d55b-d1d5-4330-a41d-42158225a7bf,MPX_2258620,Blédidej Céréales au Lait de Suite Saveur Vanille Dès 6 Mois 4x250ml,4.89,4.89,"['Bébé', 'Alimentation bébé', 'Lait et Céréales', 'Céréales']",Blédina,True,False,false,2.0,MONTH,4 x 250ml,[],https://courses.monoprix.fr/images-v3/0c44253f-c4a3-4340-9d37-d41e42b9d14a/97afc88d-036a-4915-ab9b-1b232862ba3f/300x300.jpg
Bébé,b0e76573-7720-4933-a321-c8ed16187ab2,MPX_5247379,Hipp Biologique Lait 3 Essentia de 10 mois à 4 ans Bio 600g,13.5,22.5,"['Bébé', 'Bébé bio', 'Lait et Céréales bio', 'Lait 2ème âge bio']",Hipp Biologique,True,False,false,2.0,MONTH,600g,['Produit bio'],https://courses.monoprix.fr/images-v3/0c44253f-c4a3-4340-9d37-d41e42b9d14a/cec2cd1c-a677-4e79-a835-b212125916f2/300x300.jpg
Bébé,de1dbc48-ea8e-4002-9109-e3760e481115,MPX_2412905,Gallia Lait de Croissance Bébé en Poudre 3 Dès 12 Mois 900g,18.9,21.0,"['Bébé', 'Alimentation bébé', 'Lait et Céréales', 'Lait de croissance']",Laboratoire Gallia,True,False,false,6.0,MONTH,900g,['Produit végétarien'],https://courses.monoprix.fr/images-v3/0c44253f-c4a3-4340-9d37-d41e42b9d14a/46f159c2-bb6e-4952-9186-c9a00a527a1f/300x300.jpg
Bébé,3b684a89-39c7-4552-b0a5-f8ecf96c2a9b,MPX_3860506,Babybio Pot Pomme De Terre Epinards 2X130G,1.99,7.65,"['Bébé', 'Bébé bio', 'Repas à base de légume bio', 'De 6 à 12 mois']",Babybio,True,False,false,6.0,MONTH,2 x 130g,['Produit bio'],https://courses.monoprix.fr/images-v3/0c44253f-c4a3-4340-9d37-d41e42b9d14a/cd03e8d8-d449-4c3d-a69e-07bc895c3c1b/300x300.jpg
Bébé,b0a9aa28-a4ea-4599-8118-23d1a8947bd0,MPX_3487102,Lotus Baby Coton Peau Nette X85,3.99,3.99,"['Nos sélections', 'Inspiration du moment', '& Jeunes Parents', 'Cotons']",Lotus Baby,True,False,false,,,,[],https://courses.monoprix.fr/images-v3/0c44253f-c4a3-4340-9d37-d41e42b9d14a/d7e2c178-3869-4a79-a8ba-001d84618c5d/300x300.jpg
Bébé,92bbdad0-4a66-44dc-a0e4-fa8227f0f40c,MPX_3550573,"Blédina Duo d'Épinards, Carottes et Petits Macaroni, dès 18 Mois 250g",1.79,7.16,"['Nos sélections', 'Inspiration du moment', '& Jeunes Parents', 'Alimentation']",Bledina,True,False,false,2.0,MONTH,250g,[],https://courses.monoprix.fr/images-v3/0c44253f-c4a3-4340-9d37-d41e42b9d14a/f74677c0-47c1-432c-ac42-00e100682bfb/300x300.jpg
Bébé,80d387c5-3530-4f77-aab9-9e17338bff63,MPX_3537025,Babybio Dessert Brassé Brebis Poire de Provence Dès 6 mois 4x85g,8.15,23.97,"['Bébé', 'Bébé bio', 'Dessert aux Fruits et Lacté bio', 'Dessert Lacté bio']",Babybio,True,False,false,6.0,MONTH,4 x 85g,['Produit bio'],https://courses.monoprix.fr/images-v3/0c44253f-c4a3-4340-9d37-d41e42b9d14a/ba0e452b-e9ef-4f36-aed0-6999d17cd222/300x300.jpg
Bébé,eee0095d-7758-4b0a-bdb9-da0ae414a602,MPX_6622691,Modilac Lait infantile en poudre Bio croissance 3 800g,18.5,23.13,"['Bébé', 'Bébé bio', 'Lait et Céréales bio', 'Lait croissance bio']",Modilac,True,False,false,6.0,MONTH,800g,['Produit bio'],https://courses.monoprix.fr/images-v3/0c44253f-c4a3-4340-9d37-d41e42b9d14a/9f9937eb-ddaa-42cb-af73-10f066eff75c/300x300.jpg
Bébé,194caf2e-b86e-4165-a399-c8f50d25e8e8,MPX_5272008,Nestlé P'tit onctueux Nature au fromage blanc dès 6 mois 4x90g,2.65,7.36,"['Produits Laitiers, Œufs et Fromages', 'Desserts', 'Desserts pour enfants']",P'tit onctueux,True,False,false,2.0,MONTH,4 x 90g,[],https://courses.monoprix.fr/images-v3/0c44253f-c4a3-4340-9d37-d41e42b9d14a/ab4956ec-d730-4a4a-89f4-92cc8bc43a9e/300x300.jpg
Bébé,f90733af-a456-4757-9fad-de9ea66ef104,MPX_3939056,Babybio petits pots petit pois d'aquitaine dès 6 mois 2x130g,1.99,7.65,"['Naturalia', 'Bébé', 'Alimentation Bébé']",Babybio,True,False,false,6.0,MONTH,2 x 130g,['Produit bio'],https://courses.monoprix.fr/images-v3/0c44253f-c4a3-4340-9d37-d41e42b9d14a/bcf6c9b4-97cb-4195-aaa0-83aacce6389f/300x300.jpg
Bébé,48b373de-1a50-4764-bf74-3d73c4f8d598,MPX_1847890,Blédina Blediner Pâtes Coquilles Tomates Courgettes Lait Dès 12 Mois 2x200g,2.79,6.98,"['Bébé', 'Alimentation bébé', 'Repas du soir']",Blédina,True,False,false,2.0,MONTH,2 x 200g,[],https://courses.monoprix.fr/images-v3/0c44253f-c4a3-4340-9d37-d41e42b9d14a/07a0b673-06b9-470c-a6f0-4e96d7c3e3b2/300x300.jpg
Bébé,27a1451b-9727-45f4-acac-b26ebb5393f7,MPX_6631122,Babybio Risotto Poireau du Centre-Val de Loire Saumon Bio Dès 8M,4.71,11.78,"['Bébé', 'Bébé bio', 'Repas à base de viande ou poisson bio', 'De 6 à 12 mois']",Babybio,True,False,false,6.0,MONTH,400g,['Produit bio'],https://courses.monoprix.fr/images-v3/0c44253f-c4a3-4340-9d37-d41e42b9d14a/8da952d6-c3d7-4dc8-a8a0-ce3d7beccc8a/300x300.jpg
Bébé,410f2307-f7cd-4199-b7cc-2bbf9023aad6,MPX_3550561,"Blédina Risotto aux Courgettes, Saumon du Pacifique et Mozzarella, dès 15 Mois 250g",2.39,9.56,"['Bébé', 'Alimentation bébé', 'Repas à base de viande ou poisson', '12 mois et plus']",Blédina,True,False,false,2.0,MONTH,250g,[],https://courses.monoprix.fr/images-v3/0c44253f-c4a3-4340-9d37-d41e42b9d14a/f12c512c-5b32-476d-81c5-e6be0a1f55c8/300x300.jpg
Bébé,cc3093dc-cd03-41d8-b25d-9028f8989766,MPX_1817140,Nestlé P'Tit Gourmand Semoule au Lait dès 6 Mois 4x100g,2.49,6.23,"['Bébé', 'Alimentation bébé', 'Dessert Lacté', 'Coupelle']",P'TIT GOURMAND,True,False,false,2.0,MONTH,4 x 100g,['Produit végétarien'],https://courses.monoprix.fr/images-v3/0c44253f-c4a3-4340-9d37-d41e42b9d14a/d3962852-6980-4abd-afa8-986a18c6153e/300x300.jpg
Bébé,0263242d-82c6-4f78-be9b-2f6be6cf5f6e,MPX_3221766,Monoprix Bio Mon premier Biscuit Dès 10 Mois 6x4 Biscuits,2.75,22.92,"['Bébé', 'Bébé bio', 'Biscuit bio']",Monoprix Bio,True,False,false,2.0,MONTH,120g,['Produit bio'],https://courses.monoprix.fr/images-v3/0c44253f-c4a3-4340-9d37-d41e42b9d14a/34dc2ebd-4f68-4022-813f-884b37a61a70/300x300.jpg
Bébé,dd91ba61-bf5b-472d-bd67-e44c912cff95,MPX_4216957,Gallia Calisma 2ème âge de 6 à 12 mois 830g,21.9,26.39,"['Bébé', 'Alimentation bébé', 'Lait et Céréales', 'Lait 2ème âge']",Laboratoire gallia,True,False,false,6.0,MONTH,830g,[],https://courses.monoprix.fr/images-v3/0c44253f-c4a3-4340-9d37-d41e42b9d14a/975a21f8-69fc-4b49-997e-94c0325a7659/300x300.jpg
Bébé,9a285ee0-6c67-4fa1-be43-14223a524b25,MPX_6630026,Blédina Les Récoltes Bio Hachis Parmentier Carottes et Bœuf Dès 12 mois 230g,2.99,13.0,"['Bébé', 'Bébé bio', 'Repas à base de légume bio', '12 mois et plus']",Blédina,True,False,false,2.0,MONTH,230g,['Produit bio'],https://courses.monoprix.fr/images-v3/0c44253f-c4a3-4340-9d37-d41e42b9d14a/4e854328-58d8-4c6f-bc8e-401da9f84adf/300x300.jpg
Bébé,b2263d3c-66d4-4a78-9cdc-0995b32f1b6d,MPX_3860518,"Babynat Babybio Haricots Verts de Vendée & Pomme de Terre, Colin Sauvage 6M et + 2X200g",3.29,8.23,"['Naturalia', 'Bébé', 'Alimentation Bébé']",Babynat,True,False,false,6.0,MONTH,2 x 200g,['Produit bio'],https://courses.monoprix.fr/images-v3/0c44253f-c4a3-4340-9d37-d41e42b9d14a/803ed5e5-4a74-4be7-885c-c1cc48b4ce15/300x300.jpg
Bébé,53634470-328c-4e29-9736-325dff9f0841,MPX_3303599,Blédina Petits Pots Bio Petits Pois Dès 4/6 Mois 2x130g,2.55,9.81,"['Bébé', 'Bébé bio', 'Repas à base de légume bio', 'De 0 à 6 mois']",Blédina,True,False,false,6.0,MONTH,2 x 130g,"['Produit végétarien', 'Produit bio']",https://courses.monoprix.fr/images-v3/0c44253f-c4a3-4340-9d37-d41e42b9d14a/6eac036c-5964-4238-b1c1-b4446d2a4ffb/300x300.jpg
Bébé,81d540c6-1cea-49f1-b3a5-069a1bdd99b7,MPX_4197316,Good Goût Baby Biscuits de Couleurs Bio Dès 10 Mois 80g,3.69,46.13,"['Bébé', 'Bébé bio', 'Biscuit bio']",Good Goût,True,False,false,2.0,MONTH,80g,['Produit bio'],https://courses.monoprix.fr/images-v3/0c44253f-c4a3-4340-9d37-d41e42b9d14a/77d2934c-ae82-4b2c-967f-8ed18b1cdcc1/300x300.jpg
Bébé,c2470182-9708-45ce-b69f-7b937e20b3e7,MPX_2366543,Babybio Patate douce Légumes du Soleil & Riz de Camargue 2x200g,4.15,10.38,"['Naturalia', 'Bébé', 'Alimentation Bébé']",Babybio,True,False,false,2.0,MONTH,2 x 200g,['Produit bio'],https://courses.monoprix.fr/images-v3/0c44253f-c4a3-4340-9d37-d41e42b9d14a/0363fe10-375b-4c18-9a4b-ce525951503f/300x300.jpg
Bébé,f2a5c1ee-bb3e-4878-bb12-8c4398eb49e2,MPX_3550548,Blédina bledichef plat riz aux légumes et poulet dès 12 Mois 2x230g,4.75,10.33,"['Bébé', 'Alimentation bébé', 'Repas à base de viande ou poisson', '12 mois et plus']",Blédina,True,False,false,2.0,MONTH,2 x 230g,[],https://courses.monoprix.fr/images-v3/0c44253f-c4a3-4340-9d37-d41e42b9d14a/35ece72d-ae05-4886-849a-a17975f18a1e/300x300.jpg
Bébé,cd97ccfd-a815-4ebc-be13-a414e907dd52,MPX_4124616,Good Goût Pomme Gala 4 x 85g,5.35,15.74,"['Bébé', 'Alimentation bébé', 'Dessert aux Fruits', 'Gourde et Doypack']",Good Goût,True,False,false,2.0,MONTH,340g,"['Produit végétarien', 'Produit bio']",https://courses.monoprix.fr/images-v3/0c44253f-c4a3-4340-9d37-d41e42b9d14a/5490ad91-7023-43c0-a56a-2c9b392a6e83/300x300.jpg
Bébé,06f9f783-ac5d-485a-b2db-3e4f64513372,MPX_4095838,Guigoz Lait infantile croissance 3 dès 1 an 2x600g,15.9,13.25,"['Bébé', 'Alimentation bébé', 'Lait et Céréales', 'Lait de croissance']",Guigoz,True,False,false,6.0,MONTH,2 x 600g,[],https://courses.monoprix.fr/images-v3/0c44253f-c4a3-4340-9d37-d41e42b9d14a/5ec8144e-0747-4198-b1ea-c74962c615e2/300x300.jpg
Bébé,5dd8ffa5-9424-4e3b-a92f-d6774c8b5f7b,MPX_6123456,Blédina petit plat morceaux à dévorer petits légumes à la provençale et pâtes 200g de 15 à 36 mois,2.95,14.75,"['Bébé', 'Alimentation bébé', 'Repas à base de légume']",Blédina,True,False,false,2.0,MONTH,200g,[],https://courses.monoprix.fr/images-v3/0c44253f-c4a3-4340-9d37-d41e42b9d14a/b1847674-19d1-4506-9e51-86cc0409b45e/300x300.jpg
Bébé,c12f1de2-cece-4b89-8ea4-1a9d87df06d3,MPX_5713526,Blédina Les Récoltes Pot Ratatouille Semoule dès 6 mois Bio 2x200g,3.89,9.73,"['Bébé', 'Bébé bio', 'Repas à base de légume bio', 'De 6 à 12 mois']",Blédina,True,False,false,2.0,MONTH,2 x 200g,['Produit bio'],https://courses.monoprix.fr/images-v3/0c44253f-c4a3-4340-9d37-d41e42b9d14a/d4d6174c-46b7-4d20-9b46-bc64b76956ec/300x300.jpg
Bébé,c4a72053-186e-4bd5-b5f7-40169a1d0c65,MPX_2810843,Monoprix Bébé Lingettes Épaisses X24,1.29,0.05,"['Bébé', 'Monoprix Bébé', 'Hygiène et soin bébé']",Monoprix Bébé,True,False,false,,,24 par pack,[],https://courses.monoprix.fr/images-v3/0c44253f-c4a3-4340-9d37-d41e42b9d14a/a3b2e096-5410-4ec0-9ae3-84afb0784066/300x300.jpg
Bébé,b2aa9a7b-6e5b-4bee-8118-6c16787c547b,MPX_2121341,[Par Naturalia]  Hipp Petites Lasagnes Aux Légumes 18M Bio 260G,2.99,11.5,"['Naturalia', 'Bébé', 'Alimentation Bébé']",Hipp Biologique,True,False,false,2.0,MONTH,260g,['Produit bio'],https://courses.monoprix.fr/images-v3/0c44253f-c4a3-4340-9d37-d41e42b9d14a/81fda2a9-5675-4bdc-a5dd-66707666e686/300x300.jpg
Bébé,a88e5b47-4b71-4d61-afb8-8f975c4b7897,MPX_3777286,[Par Naturalia]  Babybio BB Croissance Lait Liquide dès 10 mois 6 x 1L,19.9,3.32,"['Naturalia', 'Bébé', 'Laits infantiles']",Babybio,True,False,false,6.0,MONTH,6 x 1L,['Produit bio'],https://courses.monoprix.fr/images-v3/0c44253f-c4a3-4340-9d37-d41e42b9d14a/f17cef35-6911-4274-b57f-729527d9ce18/300x300.jpg
Bébé,690fa196-8fbb-4455-a9dc-fd8f3252bdb7,MPX_3550549,"Blédina Purée Onctueuse, Épinards et Saumon du Pacifique, dès 12 Mois 230g",1.75,7.61,"['Nos sélections', 'Inspiration du moment', '& Jeunes Parents', 'Alimentation']",Blédina,True,False,false,2.0,MONTH,230g,[],https://courses.monoprix.fr/images-v3/0c44253f-c4a3-4340-9d37-d41e42b9d14a/4c54d843-2af9-4fe8-99c9-14777a25e371/300x300.jpg
Bébé,46f90be8-307d-4f0d-b085-cf41a20e84dd,MPX_952494,Gallia Lait De Croissance 3ème Age De 12 à 36 Mois 4x500ml,6.49,3.25,"['Bébé', 'Alimentation bébé', 'Lait et Céréales', 'Lait de croissance']",Laboratoire Gallia,True,False,false,2.0,MONTH,2L,[],https://courses.monoprix.fr/images-v3/0c44253f-c4a3-4340-9d37-d41e42b9d14a/4e8dad21-e893-4a93-8d10-c6c2893075a5/300x300.jpg
Bébé,6b519874-9abc-47a1-a7d7-e8cc51f8f32d,MPX_1864581,[Par Naturalia] Babybio Carotte Potimarron Pomme Canard fermier du Poitou 400g,5.76,14.4,"['Naturalia', 'Bébé', 'Alimentation Bébé']",Babybio,True,False,false,6.0,MONTH,2 x 200g,['Produit bio'],https://courses.monoprix.fr/images-v3/0c44253f-c4a3-4340-9d37-d41e42b9d14a/554ec18d-4b98-40ad-aaf7-eb5a4710865f/300x300.jpg
Casino,bcdd0f5e-ad0c-461b-add6-d5a7c8d8b414,MPX_3940937,Casino Lingettes nettoyantes - Désinfectantes - Multi-usages - x50,2.39,2.39,"['Casino', 'Entretien']",Casino,True,False,false,6.0,MONTH,,[],https://courses.monoprix.fr/images-v3/0c44253f-c4a3-4340-9d37-d41e42b9d14a/69d67be4-ad03-4e0b-8bea-1d90f689b002/300x300.jpg
Casino,abe3ff60-5c7b-4e11-a2f2-d1e7d8d4322e,MPX_3871892,Casino Papier Toilette - Douceur - Double Épaisseur - Blanc - X6,1.45,1.45,"['Casino', 'Hygiène et Beauté']",Casino,True,False,false,,,,[],https://courses.monoprix.fr/images-v3/0c44253f-c4a3-4340-9d37-d41e42b9d14a/009ed159-0cff-467f-a325-b277a5a5d505/300x300.jpg
Casino,e91f3a48-77a4-4580-b662-270f7959a31d,MPX_3870835,Casino Papier toilette - Rose - Douceur - Double épaisseur - x12,2.89,2.89,"['Casino', 'Hygiène et Beauté']",Casino,True,False,false,,,,[],https://courses.monoprix.fr/images-v3/0c44253f-c4a3-4340-9d37-d41e42b9d14a/2464c675-f7f9-4d1e-a403-876d96da1ca8/300x300.jpg
Casino,94b8357a-728a-400e-9b90-e5e3fd1a8893,MPX_3942245,Casino Sel régénérant - Anti-calcaire - 4x1kg,3.45,0.86,"['Casino', 'Entretien']",Casino,True,False,false,2.0,MONTH,4 x 1 par pack,[],https://courses.monoprix.fr/images-v3/0c44253f-c4a3-4340-9d37-d41e42b9d14a/d272c07e-d6de-4c33-9084-6e79fc14ad57/300x300.jpg
Casino,88d67bb5-b4e6-47e7-a823-f481f8d1eead,MPX_3872172,Casino Papier Toilette - Compact - 4=12 - X4,3.49,3.49,"['Casino', 'Hygiène et Beauté']",Casino,True,False,false,,,,[],https://courses.monoprix.fr/images-v3/0c44253f-c4a3-4340-9d37-d41e42b9d14a/e5d57e1b-6e07-43e4-979e-8aa4dc422394/300x300.jpg
Casino,abd418e5-c78c-4fde-92aa-f47242494656,MPX_3872267,Casino Essuie-Tout Maxi Absorbant - X6,3.99,3.99,"['Casino', 'Hygiène et Beauté']",Casino,True,False,false,2.0,MONTH,,[],https://courses.monoprix.fr/images-v3/0c44253f-c4a3-4340-9d37-d41e42b9d14a/5aa9374c-1fb3-4041-a699-385977854e3a/300x300.jpg
Casino,eeb7c688-1605-4c2f-b5b3-9002a903964b,MPX_3941079,Casino Cake aux fruits - 300g,1.75,5.83,"['Casino', 'Epicerie Sucrée']",Casino,True,False,false,1.0,MONTH,300g,[],https://courses.monoprix.fr/images-v3/0c44253f-c4a3-4340-9d37-d41e42b9d14a/837f9561-b81f-4016-8e4b-70ac11f8d7be/300x300.jpg
Casino,4fcd4fb3-ad21-4839-8456-2063d60bb988,MPX_3871807,Casino Essuie-Tout - Demi-Feuille - X2,3.39,3.39,"['Casino', 'Hygiène et Beauté']",Casino,True,False,false,2.0,MONTH,,[],https://courses.monoprix.fr/images-v3/0c44253f-c4a3-4340-9d37-d41e42b9d14a/68117af1-b919-48bc-b8dd-2a636b7bf75d/300x300.jpg
Casino,3068fdd9-ba9c-4df7-95ab-ea26f7d3acc6,MPX_3942207,Casino Trio De Poivrons - Sans Résidus De Pesticides - 600G,2.09,3.48,"['Casino', 'Surgelés']",Casino,True,False,false,6.0,MONTH,600g,['Produit congelé'],https://courses.monoprix.fr/images-v3/0c44253f-c4a3-4340-9d37-d41e42b9d14a/b19b293e-7e1e-4302-a30d-9c486c03b6bd/300x300.jpg
Casino,256104ed-e17a-4031-abe6-892579364b38,MPX_3871643,Casino Lait instantané en poudre - Ecrémé - 300g,2.55,8.5,"['Casino', 'Epicerie Sucrée']",Casino,True,False,false,2.0,MONTH,0.3kg,[],https://courses.monoprix.fr/images-v3/0c44253f-c4a3-4340-9d37-d41e42b9d14a/27d122f8-46d2-46ed-a8dc-7c551442246a/300x300.jpg
Casino,7e851f7c-4662-4dc6-830d-aff19b4a5163,MPX_3939564,Casino Dégustation - Tablette de chocolat - Noir - 70% de cacao intense - 100g,0.85,8.5,"['Casino', 'Epicerie Sucrée']",Casino,True,False,false,6.0,MONTH,0.1kg,[],https://courses.monoprix.fr/images-v3/0c44253f-c4a3-4340-9d37-d41e42b9d14a/fae6e57d-e378-4ade-ae56-99a4f6640648/300x300.jpg
Casino,acec865e-98cc-48a9-8905-0eea7eee6769,MPX_3885745,Casino Liquide Vaisselles peaux sensible 500ml,1.49,1.49,"['Casino', 'Entretien']",Casino,True,False,false,,,,[],https://courses.monoprix.fr/images-v3/0c44253f-c4a3-4340-9d37-d41e42b9d14a/d4e76f50-7989-4717-aafa-152adc5af7c2/300x300.jpg
Casino,9ee2df3e-4ca7-4412-a327-dbd68013db4f,MPX_3942439,Casino Delices Mimolette vieille - Fromage - 200g,4.25,21.25,"['Casino', 'Epicerie Salée']",Casino Délices,True,False,false,3.0,WEEK,0.2kg,[],https://courses.monoprix.fr/images-v3/0c44253f-c4a3-4340-9d37-d41e42b9d14a/b206a9a8-1282-4ea1-abd7-f45a6853b4c1/300x300.jpg
Casino,7a83ac42-29ee-4c03-9f34-998c0a608264,MPX_4043848,"Club des Sommeliers Brouilly 2019, Rouge 75cl",6.9,9.2,"['Casino', 'Vins et Effervescents']",Club Des Sommeliers,True,False,false,,,750ml,[],https://courses.monoprix.fr/images-v3/0c44253f-c4a3-4340-9d37-d41e42b9d14a/637cb37c-5e51-4e56-9aa7-7dbf564dab66/300x300.jpg
Casino,7ba9e4db-1927-4fe0-b17a-08cf1702f6a8,MPX_3942247,Casino Carrés vaisselle - Très absorbants - Eponges - x5,1.59,0.32,"['Casino', 'Entretien']",Casino,True,False,false,,,5 par pack,[],https://courses.monoprix.fr/images-v3/0c44253f-c4a3-4340-9d37-d41e42b9d14a/bb2b9f12-9ff1-4a5a-a187-fd425851bcd0/300x300.jpg
Casino,243f0435-d609-402a-b074-b3fde63590b3,MPX_3872804,Club Des Sommeliers Chardonnay - Bourgogne - Vin blanc - 75cl,7.99,10.65,"['Casino', 'Vins et Effervescents']",Club Des Sommeliers,True,False,false,,,75cl,[],https://courses.monoprix.fr/images-v3/0c44253f-c4a3-4340-9d37-d41e42b9d14a/e2477a88-4ae9-47b9-b85b-7319ca5400f4/300x300.jpg
Casino,36aed233-b3ca-41de-9d0c-80f089acb6d5,MPX_3871868,Casino Liquide de rinçage - 750ml,2.15,2.15,"['Casino', 'Entretien']",Casino,True,False,false,,,,[],https://courses.monoprix.fr/images-v3/0c44253f-c4a3-4340-9d37-d41e42b9d14a/92f2661c-b067-4530-80fc-9c9c50146c13/300x300.jpg
Casino,b2519f6d-fe80-4a78-a172-ab59b55100c5,MPX_3871872,Casino Gel Wc - Avec Javel - Fraîcheur Eucalyptus - 750Ml,1.45,1.45,"['Casino', 'Entretien']",Casino,True,False,false,2.0,MONTH,,[],https://courses.monoprix.fr/images-v3/0c44253f-c4a3-4340-9d37-d41e42b9d14a/2677d8b2-f781-467e-a357-5c429e77eeef/300x300.jpg
Casino,3a7ceaf1-949b-4da8-a115-7c1baceadd88,MPX_3943360,Casino Double concentré de tomates - 3x70g,1.69,1.69,"['Casino', 'Epicerie Salée']",Casino,True,False,false,6.0,MONTH,,[],https://courses.monoprix.fr/images-v3/0c44253f-c4a3-4340-9d37-d41e42b9d14a/e2ef0566-ea16-4250-9fe1-977954b0804b/300x300.jpg
Casino,2d64d7f9-1cbf-4850-b83c-797d0bdd322b,MPX_3524310,K2R Pistolet Super Power Détachant Avant Lavage 550ml,6.69,11.93,"['Casino', 'Entretien']",K2r,True,False,false,,,561ml,[],https://courses.monoprix.fr/images-v3/0c44253f-c4a3-4340-9d37-d41e42b9d14a/f0cea040-ac74-4b3e-80eb-b138a92350b8/300x300.jpg
Casino,7e61288d-2ea4-4efe-9f6c-c1d95cba7bce,MPX_3942174,Casino Purée de pommes - Sans sucres ajoutés - 710g,1.19,1.68,"['Casino', 'Produits frais']",Casino,True,False,false,1.0,YEAR,710g,[],https://courses.monoprix.fr/images-v3/0c44253f-c4a3-4340-9d37-d41e42b9d14a/75c7d9f4-3544-4f2d-8532-72abeb289161/300x300.jpg
Casino,64178d6f-b874-48af-8358-88eac8605c58,MPX_5054048,Club Des Sommeliers Corse Vin Rosé En Cubi 3L,11.85,3.95,"['Casino', 'Vins et Effervescents']",Club Des Sommeliers,True,False,false,,,3L,[],https://courses.monoprix.fr/images-v3/0c44253f-c4a3-4340-9d37-d41e42b9d14a/bae5e738-ed32-4923-9f33-c7fb4ad5c549/300x300.jpg
Casino,7bf20780-0d3e-4401-82c1-9902ca0900db,MPX_3942934,Casino Delices Tiramisu - Au spéculoos - 2 pots - 2x100g,2.89,14.45,"['Casino', 'Epicerie Sucrée']",Casino Délices,True,False,false,1.0,WEEK,2 x 100g,[],https://courses.monoprix.fr/images-v3/0c44253f-c4a3-4340-9d37-d41e42b9d14a/ba7eb81a-ebb3-4646-8dc3-2aa1905d0ed2/300x300.jpg
Casino,c5826a0b-e4b0-455f-9a5f-4d86f0bb7bb9,MPX_3942103,Casino Delices Frites bistrot - 500g,3.65,7.3,"['Casino', 'Surgelés']",Casino Délices,True,False,false,1.0,DAY,500g,['Produit congelé'],https://courses.monoprix.fr/images-v3/0c44253f-c4a3-4340-9d37-d41e42b9d14a/97cad4de-29bc-4f9f-966d-346cb2987ab8/300x300.jpg
Casino,463683d3-7444-4ebe-9afc-ecda04586980,MPX_3943740,Casino Thon albacore au naturel - 140g,2.15,15.36,"['Casino', 'Epicerie Salée']",Casino,True,False,false,1.0,YEAR,140g,[],https://courses.monoprix.fr/images-v3/0c44253f-c4a3-4340-9d37-d41e42b9d14a/ea54c4be-996e-432c-9844-977a10bafdb3/300x300.jpg
Casino,b4bb8ceb-5520-4f47-88a9-1915414db053,MPX_3941554,Club Des Sommeliers Sauvignon - Pays d'Oc - Vin blanc - 3l,10.89,3.63,"['Casino', 'Vins et Effervescents']",Club Des Sommeliers,True,False,false,,,3L,[],https://courses.monoprix.fr/images-v3/0c44253f-c4a3-4340-9d37-d41e42b9d14a/063999b5-70a7-4e28-83aa-85c78a4f7732/300x300.jpg
Casino,dc33e9f2-b4d8-4229-9ca4-cc047ca9377a,MPX_3871880,Casino Barquettes - Chocolat - Noisette - Gouter enfant - 120g,0.99,8.25,"['Casino', 'Epicerie Sucrée']",Casino,True,False,false,1.0,MONTH,120g,[],https://courses.monoprix.fr/images-v3/0c44253f-c4a3-4340-9d37-d41e42b9d14a/eccf86b7-0df3-4395-ac1f-ccb98d551ceb/300x300.jpg
Casino,2980e40c-321e-4625-92f1-38f0a2321ea6,MPX_3872183,Casino Bio Tomates concassées - En dés - Biologique - 400g,1.2,3.0,"['Casino', 'Epicerie Salée']",Casino Bio,True,False,false,1.0,YEAR,400g,['Produit bio'],https://courses.monoprix.fr/images-v3/0c44253f-c4a3-4340-9d37-d41e42b9d14a/9647681c-1295-4b7c-afe6-ffef2bc0dbd6/300x300.jpg
Casino,7482fd95-15e9-4f76-a66c-073d89ca890c,MPX_3942399,Casino Frites - Spécial four - 600g,1.49,2.48,"['Casino', 'Surgelés']",Casino,True,False,false,6.0,MONTH,600g,['Produit congelé'],https://courses.monoprix.fr/images-v3/0c44253f-c4a3-4340-9d37-d41e42b9d14a/7dad4e99-ff17-408c-9a8e-79320508654c/300x300.jpg
Casino,1cfe99b5-4416-486b-a2d7-d2acc502185b,MPX_3872018,Casino Riz - Basmati - Naturellement Parfumé - 1Kg,2.75,2.75,"['Casino', 'Epicerie Salée']",Casino,True,False,false,6.0,MONTH,1kg,[],https://courses.monoprix.fr/images-v3/0c44253f-c4a3-4340-9d37-d41e42b9d14a/c225a4d8-f33c-4f9b-a756-fbd706bad61c/300x300.jpg
Casino,34ebc6bc-de30-4845-859d-db3cb13a1b71,MPX_3887889,Casino Pistaches grillées - Salées - 125g,2.99,23.92,"['Epicerie Salée', 'Produit apéritif', 'Cacahuète, Noix, Amande et Pistache', 'Amande et Pistache']",Casino,True,False,false,2.0,MONTH,125g,[],https://courses.monoprix.fr/images-v3/0c44253f-c4a3-4340-9d37-d41e42b9d14a/2bb6caa8-d7f7-40a1-bf85-786dc0aaccfb/300x300.jpg
Casino,390574d0-bf0e-4dfe-8e63-84a7889cf946,MPX_3942916,Casino Delices Cacao en poudre : 100% cacao - 250g,3.99,15.96,"['Casino', 'Epicerie Sucrée']",Casino Délices,True,False,false,6.0,MONTH,250g,[],https://courses.monoprix.fr/images-v3/0c44253f-c4a3-4340-9d37-d41e42b9d14a/1631484a-844a-4b5b-9c5f-2da04270a7e9/300x300.jpg
Casino,1a42c0d7-d99f-4a07-ac78-7ffe890bece7,MPX_5064195,Club des Sommeliers Ile de Beauté Rosé en Cubi Igp 5L,18.55,3.71,"['Casino', 'Vins et Effervescents']",Club Des Sommeliers,True,False,false,,,5L,[],https://courses.monoprix.fr/images-v3/0c44253f-c4a3-4340-9d37-d41e42b9d14a/cbdd0452-3715-4c83-996d-528d62697ff1/300x300.jpg
Casino,be64dccb-b724-4d2c-98b2-83cdbb15f631,MPX_3872797,Club Des Sommeliers Crozes Hermitage - Vallée du Rhône - Alc. 12% vol. - Vin rouge - 75cl,10.76,14.35,"['Casino', 'Vins et Effervescents']",Club Des Sommeliers,True,False,false,,,75cl,[],https://courses.monoprix.fr/images-v3/0c44253f-c4a3-4340-9d37-d41e42b9d14a/a716a113-f505-4e2e-b279-14f60c6a7ab1/300x300.jpg
Casino,b66cd3f7-5b26-4054-8fbc-46fb69314868,MPX_3943388,Casino Amandes en poudre - 125g,3.29,26.32,"['Casino', 'Epicerie Sucrée']",Casino,True,False,false,2.0,MONTH,125g,[],https://courses.monoprix.fr/images-v3/0c44253f-c4a3-4340-9d37-d41e42b9d14a/63ddf5a0-ec4b-4078-99f0-a3038bf432f6/300x300.jpg
Casino,93f9df48-12d0-4d15-925d-f5c4110802d5,MPX_3871740,Casino Gel Wc - Fraîcheur Marine - 750Ml,1.09,1.09,"['Casino', 'Entretien']",Casino,True,False,false,2.0,MONTH,,[],https://courses.monoprix.fr/images-v3/0c44253f-c4a3-4340-9d37-d41e42b9d14a/798864e4-b991-493b-832f-cf32b5ebba32/300x300.jpg
Casino,75074142-fe11-4371-9a50-89122fa774f8,MPX_3918419,Casino Bio Haricots verts - Très fins - Biologique - 600g,1.85,3.08,"['Casino', 'Surgelés']",Casino Bio,True,False,false,6.0,MONTH,600g,"['Produit congelé', 'Produit bio']",https://courses.monoprix.fr/images-v3/0c44253f-c4a3-4340-9d37-d41e42b9d14a/f1409717-1e07-4bf4-97ba-6d0f99ef05c2/300x300.jpg
Casino,ec0e82b4-1420-4a5d-9539-da5c9f71e2fa,MPX_3941297,Casino Pizza au feu de bois chorizo - 400g,3.09,7.73,"['Casino', 'Surgelés']",Casino,True,False,false,6.0,MONTH,400g,['Produit congelé'],https://courses.monoprix.fr/images-v3/0c44253f-c4a3-4340-9d37-d41e42b9d14a/308b0f2f-eef6-4c28-8b94-bf481f453d60/300x300.jpg
Casino,839e6302-ddd8-4bc7-a0d0-d1393b09f47c,MPX_3942854,Casino Delices Girasoli - Pâtes fraîches - Chèvre miel - 250g,4.45,17.8,"['Casino', 'Produits frais']",Casino Délices,True,False,false,2.0,WEEK,250g,[],https://courses.monoprix.fr/images-v3/0c44253f-c4a3-4340-9d37-d41e42b9d14a/e3c8871a-120e-4902-a6c7-706906bc4c69/300x300.jpg
Casino,97de469d-6fb0-4e61-9ed3-f04315b1e7a7,MPX_3871993,Casino Haricots Verts Extras Fins - 440G,1.95,4.43,"['Casino', 'Epicerie Salée']",Casino,True,False,false,1.0,YEAR,440g,[],https://courses.monoprix.fr/images-v3/0c44253f-c4a3-4340-9d37-d41e42b9d14a/291a2559-46ac-494a-be11-e78363833e87/300x300.jpg
Casino,4963cb39-ef7b-411f-94bc-90d3508b2ed1,MPX_3943476,Casino Delices Sauce pesto à la genovese - 190g,3.59,18.89,"['Casino', 'Epicerie Salée']",Casino Délices,True,False,false,1.0,DAY,0.19kg,[],https://courses.monoprix.fr/images-v3/0c44253f-c4a3-4340-9d37-d41e42b9d14a/81e0d12f-7456-422b-a8f3-cd8686f95762/300x300.jpg
Casino,74c92995-5fb3-4b5b-ab6a-ad3fb4d49bb3,MPX_3943542,Casino Avenir Spray Anticalcaire Sdb 750Ml Co Ave,3.89,5.19,"['Casino', 'Entretien']",Casino Avenir,True,False,false,,,0.75L,[],https://courses.monoprix.fr/images-v3/0c44253f-c4a3-4340-9d37-d41e42b9d14a/08602d3f-5d4e-41fa-8d76-0658cf94b81e/300x300.jpg
Casino,be2d6f83-ebcf-416f-af9e-8c18040ac9f7,MPX_3942180,Casino Thon albacore au naturel - 265g,4.25,22.85,"['Casino', 'Epicerie Salée']",Casino,True,False,false,1.0,YEAR,186g,[],https://courses.monoprix.fr/images-v3/0c44253f-c4a3-4340-9d37-d41e42b9d14a/ae5cd5be-93de-440c-afa0-5d29c41060f2/300x300.jpg
Casino,37c417ab-f043-461f-b01f-4075f60b7271,MPX_3942907,Casino Bio Poudre cacaotée - Biologique - 500g,4.39,8.78,"['Casino', 'Epicerie Sucrée']",Casino Bio,True,False,false,6.0,MONTH,500g,['Produit bio'],https://courses.monoprix.fr/images-v3/0c44253f-c4a3-4340-9d37-d41e42b9d14a/68048cc4-885c-4f19-8905-caaeead5c112/300x300.jpg
Casino,66c7868f-c792-4590-b15e-1d9cc5048d3a,MPX_3943394,Casino Saveurs D'Ailleurs Tomates séchées à l'huile - 270g,4.82,34.43,"['Casino', 'Epicerie Salée']",Casino,True,False,false,1.0,YEAR,140g,[],https://courses.monoprix.fr/images-v3/0c44253f-c4a3-4340-9d37-d41e42b9d14a/aadbeee6-71c8-4623-b222-61248c319597/300x300.jpg
Casino,f12253f1-cbf5-4227-9bb8-fac0f2eeb878,MPX_6566330,Casino Délices Mélange forestier 185g,2.39,12.92,"['Casino', 'Epicerie Salée']",Casino Délices,True,False,false,1.0,DAY,185g,[],https://courses.monoprix.fr/images-v3/0c44253f-c4a3-4340-9d37-d41e42b9d14a/10fd16ab-9b73-4ec9-88b7-d54f25fbaee7/300x300.jpg
Casino,18332c75-991e-4e39-a567-894b387876a6,MPX_3939479,Casino Lingettes anti-transfert de couleurs - x40,2.99,0.07,"['Casino', 'Entretien']",Casino,True,False,false,,,40 par pack,[],https://courses.monoprix.fr/images-v3/0c44253f-c4a3-4340-9d37-d41e42b9d14a/0dcbd095-ee52-4421-b902-3ed9ee9744c7/300x300.jpg
Casino,38cbdfa5-d49d-4176-b50d-4070d3c167c9,MPX_3942187,Casino Delices Fines gaufres - Pur beurre - 100g,1.69,16.9,"['Casino', 'Epicerie Sucrée']",Casino Délices,True,False,false,1.0,DAY,100g,[],https://courses.monoprix.fr/images-v3/0c44253f-c4a3-4340-9d37-d41e42b9d14a/a1a1060f-85ae-4a8d-b2b3-fb6190bdc70c/300x300.jpg
Casino,4fff6554-59ff-40af-ae28-60ef357bd21b,MPX_3941933,Casino Delices Cake aux fruits - Tranché - 400g,4.09,10.23,"['Casino', 'Epicerie Sucrée']",Casino Délices,True,False,false,1.0,MONTH,400g,[],https://courses.monoprix.fr/images-v3/0c44253f-c4a3-4340-9d37-d41e42b9d14a/c9896af5-cbff-4de9-8600-0dc6bafc3fa6/300x300.jpg
Casino,f69e9221-37f4-484c-a42e-581692994a41,MPX_3942918,Casino Delices Flûtes - Biscuits apéritifs - Tomate chèvre - 100g,1.65,16.5,"['Casino', 'Epicerie Salée']",Casino Délices,True,False,false,1.0,DAY,100g,[],https://courses.monoprix.fr/images-v3/0c44253f-c4a3-4340-9d37-d41e42b9d14a/68a02e37-ad2c-4770-b6bb-6f5577e50b3e/300x300.jpg
Casino,c90572ed-c41b-43e5-8924-e09b1c580ae8,MPX_3940896,Club Des Sommeliers Chianti - Vin Italien - Alc. 12% vol.- Vin rouge - 75cl,4.99,6.65,"['Casino', 'Vins et Effervescents']",Club Des Sommeliers,True,False,false,,,75cl,[],https://courses.monoprix.fr/images-v3/0c44253f-c4a3-4340-9d37-d41e42b9d14a/a02ee255-9c9d-4033-bd98-e055187ca1bb/300x300.jpg
Casino,5136147e-eb58-47e9-934c-3ae4a0016fb4,MPX_3940577,Casino Delices Burrata - Crémeuse et fondante - 200g,5.29,26.45,"['Casino', 'Epicerie Sucrée']",Casino Délices,True,False,false,6.0,DAY,200g,[],https://courses.monoprix.fr/images-v3/0c44253f-c4a3-4340-9d37-d41e42b9d14a/1d2ba125-c7f3-414e-84bc-10d9bdef12aa/300x300.jpg
Casino,4a7f1ec6-6001-47cd-a744-f671689381db,MPX_3942856,Casino Delices Girasoli - Pâtes fraîches - Aux champignons - 250g,2.69,10.76,"['Casino', 'Produits frais']",Casino Délices,True,False,false,2.0,WEEK,250g,[],https://courses.monoprix.fr/images-v3/0c44253f-c4a3-4340-9d37-d41e42b9d14a/1ae81ca3-453e-4799-bb89-87239780c240/300x300.jpg
Casino,602ad375-0c41-481e-8ff7-c51c68285ce8,MPX_4585212,Casino Serpillères Jetables Nettoyantes Parfum Agrumes x15,2.99,2.99,"['Casino', 'Entretien']",Casino,True,False,false,,,,[],https://courses.monoprix.fr/images-v3/0c44253f-c4a3-4340-9d37-d41e42b9d14a/2b0fbc42-108c-4672-ba8f-56a7087ef25b/300x300.jpg
Casino,901925f6-83d9-4306-a71f-673157ec8247,MPX_3941494,Club Des Sommeliers Marqués De Galba - Vin D'Espagne - Alc. 13% Vol.- Vin Rouge - 75Cl,6.69,8.92,"['Casino', 'Vins et Effervescents']",Club Des Sommeliers,True,False,false,2.0,MONTH,75cl,[],https://courses.monoprix.fr/images-v3/0c44253f-c4a3-4340-9d37-d41e42b9d14a/1d25a66b-a3eb-4d92-a6ac-172ecf4b538d/300x300.jpg
Casino,9e42082a-e991-49af-a686-453b6a7aef86,MPX_3871446,Lotus J'Essuie Tout Íco Blanc 1 Rlx,6.29,6.29,"['Casino', 'Entretien']",Lotus,True,False,false,,,,[],https://courses.monoprix.fr/images-v3/0c44253f-c4a3-4340-9d37-d41e42b9d14a/01bf57f0-864b-4a28-9b20-a74ea37505aa/300x300.jpg
Casino,cec4a6fd-32a6-43ac-b5d3-ad50acd5274e,MPX_3887888,Casino Noix de cajou grillées - Salé - 125g,2.85,22.8,"['Casino', 'Epicerie Salée']",Casino,True,False,false,2.0,MONTH,125g,[],https://courses.monoprix.fr/images-v3/0c44253f-c4a3-4340-9d37-d41e42b9d14a/17e1ec9d-2995-4aae-92c0-ee211184ac2f/300x300.jpg
Casino,9b218f79-98dc-4159-a23b-99348b8c6f6d,MPX_3939902,Casino Spécialité au jus de citron et à l'huile essentielle - Issu de citrons de Sicile - 200ml,0.99,0.99,"['Casino', 'Epicerie Salée']",Casino,True,False,false,2.0,MONTH,,[],https://courses.monoprix.fr/images-v3/0c44253f-c4a3-4340-9d37-d41e42b9d14a/ba06276a-0800-4195-a826-ebd962a85bb8/300x300.jpg
Casino,06ffaef8-bc80-4b9d-a399-64d5840ad65d,MPX_3870848,Casino Jus D'Orange - 100% Pur Jus Bouteille 1L,1.73,1.73,"['Casino', 'Boissons']",Casino,True,False,false,2.0,MONTH,1L,[],https://courses.monoprix.fr/images-v3/0c44253f-c4a3-4340-9d37-d41e42b9d14a/65b84d3f-0405-4ba8-90da-5432b478c39d/300x300.jpg
Casino,85d70427-4751-41dd-8456-7225396724a3,MPX_3871760,"Casino Jus d'orange - 100% pur jus - 1,5l",2.18,1.45,"['Casino', 'Boissons']",Casino,True,False,false,2.0,MONTH,1.5L,[],https://courses.monoprix.fr/images-v3/0c44253f-c4a3-4340-9d37-d41e42b9d14a/f214ee8c-326f-432e-99c9-55d1a3cdb76b/300x300.jpg
Casino,594afb63-0f7b-4a0a-bf8e-8cdc6506e3ac,MPX_3940518,Casino Delices Flûtes - Biscuits apéritifs - Romarin - 100g,1.69,16.9,"['Casino', 'Epicerie Salée']",Casino Délices,True,False,false,2.0,MONTH,100g,[],https://courses.monoprix.fr/images-v3/0c44253f-c4a3-4340-9d37-d41e42b9d14a/e6a55f38-6151-4193-9438-d68e8753a228/300x300.jpg
Casino,82d8a77b-2ace-47a1-b9df-ca4939aabab9,MPX_3942264,Casino Blé complet - Penne au blé complet - Pâtes - 500g,1.59,3.18,"['Casino', 'Epicerie Salée']",Casino,True,False,false,1.0,YEAR,500g,[],https://courses.monoprix.fr/images-v3/0c44253f-c4a3-4340-9d37-d41e42b9d14a/fdc867d5-8648-4661-88ce-a2bd2792bf2b/300x300.jpg
Casino,5447174c-42b3-4543-afde-b9115628a51f,MPX_3941956,Casino Ça Vient D'Ici Sel fin de Guérande - Salière - 250g,2.12,8.48,"['Casino', 'Epicerie Salée']",Casino Ca Vient D'Ici,True,False,false,,,0.25kg,[],https://courses.monoprix.fr/images-v3/0c44253f-c4a3-4340-9d37-d41e42b9d14a/d8de13eb-81ce-47dc-ade5-b751d5187372/300x300.jpg
Casino,32f5b951-c0ab-41cc-abc5-e206fb9a1423,MPX_3872164,Casino Petit salé aux lentilles - 300g,2.76,9.2,"['Casino', 'Epicerie Salée']",Casino,True,False,false,6.0,MONTH,300g,[],https://courses.monoprix.fr/images-v3/0c44253f-c4a3-4340-9d37-d41e42b9d14a/a5e48d24-9f6c-4e10-a4df-7c51cb10a977/300x300.jpg
Casino,af9d9e9f-c0c3-4416-ac93-9600fd8e5d52,MPX_3872114,Casino Bio Riz basmati - Biologique - 500g,1.75,3.5,"['Casino', 'Epicerie Salée']",Casino Bio,True,False,false,6.0,MONTH,500g,['Produit bio'],https://courses.monoprix.fr/images-v3/0c44253f-c4a3-4340-9d37-d41e42b9d14a/85560a96-4359-45e8-86e4-4067b5595d81/300x300.jpg
Casino,fd54375c-0fd1-4ebd-b8f1-a23498f16f96,MPX_3939997,Casino Délices Panna Cotta Coulis Manque & Fruit de la Passion 2x120g,2.39,9.96,"['Casino', 'Epicerie Sucrée']",Casino Délices,True,False,false,1.0,WEEK,2 x 120g,[],https://courses.monoprix.fr/images-v3/0c44253f-c4a3-4340-9d37-d41e42b9d14a/d6c5e9a9-055b-4b50-889b-6b62fb490fcd/300x300.jpg
Casino,40907ee9-911b-48ed-8366-229f506983f5,MPX_3940483,Casino Delices Chips - 4 légumes - Patate douce panais carotte et betterave - 100g,2.99,29.9,"['Casino', 'Epicerie Salée']",Casino Délices,True,False,false,2.0,MONTH,100g,[],https://courses.monoprix.fr/images-v3/0c44253f-c4a3-4340-9d37-d41e42b9d14a/ef6f022b-4ca2-486f-b70e-c3f3a2ecac58/300x300.jpg
Casino,b528e70d-14b5-4665-81b6-567dbfce3ab6,MPX_4015408,Club Des Sommeliers Vin Pineau des Charentes Rouge 17% 75cl ,9.79,13.05,"['Casino', 'Vins et Effervescents']",Club Des Sommeliers,True,False,false,,,750ml,[],https://courses.monoprix.fr/images-v3/0c44253f-c4a3-4340-9d37-d41e42b9d14a/ce9bf0bd-b0ef-4fae-b942-4d7d1b2581b3/300x300.jpg
Casino,893eecaa-3cf1-4b7e-9fc6-b5df2ba95d29,MPX_3941853,Casino Bouillon cube volaille - 150g,1.2,8.0,"['Casino', 'Epicerie Salée']",Casino,True,False,false,6.0,MONTH,0.15kg,[],https://courses.monoprix.fr/images-v3/0c44253f-c4a3-4340-9d37-d41e42b9d14a/c55e029e-e313-4c1e-8617-4912c5ce95d8/300x300.jpg
Casino,bfde45b1-f263-4388-a1ba-df4756235988,MPX_3940705,Casino Delices Panna cotta - Coulis de framboise - 2 pots - 2x120g,2.55,10.63,"['Casino', 'Epicerie Sucrée']",Casino Délices,True,False,false,1.0,WEEK,2 x 120g,[],https://courses.monoprix.fr/images-v3/0c44253f-c4a3-4340-9d37-d41e42b9d14a/ef095152-b47e-4042-9da9-0ce3496e7193/300x300.jpg
Casino,e1249a89-4438-485e-a4fe-671529e088c5,MPX_3870827,Casino Cookies - Nougatine - Pépites de chocolat - 200g,1.29,6.45,"['Casino', 'Epicerie Sucrée']",Casino,True,False,false,2.0,MONTH,200g,[],https://courses.monoprix.fr/images-v3/0c44253f-c4a3-4340-9d37-d41e42b9d14a/6acb0f68-d26e-4cd7-ae3a-c54702835db7/300x300.jpg
Casino,5eea4870-a1db-437f-b291-437a94f0d906,MPX_3928673,Casino Eponges végétales grattantes - Usage courant - x3,1.49,0.5,"['Casino', 'Entretien']",Casino,True,False,false,2.0,MONTH,3 par pack,[],https://courses.monoprix.fr/images-v3/0c44253f-c4a3-4340-9d37-d41e42b9d14a/53ed0f02-249d-4166-b552-246f68e48c1b/300x300.jpg
Casino,f9c05be5-586c-4cd1-b56a-3663e309acb8,MPX_3947505,Casino Delices Mozza Di Buffala Billes 120g Co Dl,2.49,20.75,"['Casino', 'Produits frais']",Casino Délices,True,False,false,1.0,WEEK,120g,[],https://courses.monoprix.fr/images-v3/0c44253f-c4a3-4340-9d37-d41e42b9d14a/9567851c-ce12-4880-8020-ee80a1e57ed4/300x300.jpg
Casino,dfbdb164-21b5-433c-a656-7e60561dc788,MPX_3942630,Casino Délices Pata Negra 60G,8.39,139.83,"['Casino', 'Produits frais']",Casino Délices,True,False,false,4.0,WEEK,0.06kg,[],https://courses.monoprix.fr/images-v3/0c44253f-c4a3-4340-9d37-d41e42b9d14a/92434b0a-1047-4b06-b5ba-9e18ed3be45d/300x300.jpg
Casino,cbb10b2d-a80d-4427-a5d3-b9fc6e5970b4,MPX_3940089,Casino Vinaigre de cidre de normandie - 75cl,0.99,0.99,"['Casino', 'Epicerie Salée']",Casino,True,False,false,1.0,YEAR,,[],https://courses.monoprix.fr/images-v3/0c44253f-c4a3-4340-9d37-d41e42b9d14a/488376d4-1e33-4b32-8b20-28c35d9be088/300x300.jpg
Casino,33c62888-5b58-4f8b-9415-52219bb7a19a,MPX_3942148,Casino Limonade Boisson gazeuse Arôme naturel de citron 6 x 33cl,3.48,1.76,"['Casino', 'Boissons']",Casino,True,False,false,2.0,MONTH,6 x 33cl,[],https://courses.monoprix.fr/images-v3/0c44253f-c4a3-4340-9d37-d41e42b9d14a/d69f562f-653e-4b30-aed6-e5f9e2bc9ffa/300x300.jpg
Casino,1c12912e-8d41-4129-b3a1-1f19ce365d10,MPX_3943115,Casino Cônes glacés - Vanille fraise - Pointe croquante cacaotée - x6 - 423g,2.09,4.94,"['Casino', 'Surgelés']",Casino,True,False,false,6.0,MONTH,0.423kg,['Produit congelé'],https://courses.monoprix.fr/images-v3/0c44253f-c4a3-4340-9d37-d41e42b9d14a/f6ebd6de-22f8-45ec-9e64-412c8bbba9c8/300x300.jpg
Casino,8c0c8409-2543-4f89-9132-155388fb6831,MPX_3939652,Casino Bonbons au miel - 250g,3.01,12.04,"['Casino', 'Epicerie Sucrée']",Casino,True,False,false,6.0,MONTH,0.25kg,[],https://courses.monoprix.fr/images-v3/0c44253f-c4a3-4340-9d37-d41e42b9d14a/9f31a723-8d00-480d-a592-312fa104052c/300x300.jpg
Casino,40826c93-39ae-47e1-a8ba-3944dc6d9a60,MPX_3871965,Casino Bio Haricots verts Extra fins Biologique 660G,4.79,13.31,"['Casino', 'Epicerie Salée']",Casino Bio,True,False,false,1.0,YEAR,360g,['Produit bio'],https://courses.monoprix.fr/images-v3/0c44253f-c4a3-4340-9d37-d41e42b9d14a/f76f81fb-c408-4dc9-bdd6-d9584b167610/300x300.jpg
Casino,7fd17891-c842-410d-851d-3e9527061433,MPX_3942917,Casino Delices Flûtes - Biscuits apéritifs - Oignon ciboulette - 100g,1.69,16.9,"['Casino', 'Epicerie Salée']",Casino Délices,True,False,false,2.0,MONTH,100g,[],https://courses.monoprix.fr/images-v3/0c44253f-c4a3-4340-9d37-d41e42b9d14a/47b02629-9d55-4080-ba66-d5d1d6e7ca30/300x300.jpg
Casino,d6414abd-19a7-475a-9fbf-9d3d42e165b5,MPX_3940356,Casino Ça Vient D'Ici Pâté De Campagne Breton Igp 180g,2.39,13.28,"['Casino', 'Epicerie Salée']",Casino Ca Vient D'Ici,True,False,false,2.0,MONTH,180g,[],https://courses.monoprix.fr/images-v3/0c44253f-c4a3-4340-9d37-d41e42b9d14a/dc43bcf5-ce2a-49e5-a101-2e7751fd01e2/300x300.jpg
Casino,1edfbea6-d829-4d97-870e-822e530f5dfc,MPX_3942923,Casino Delices Comté - Fromage - AOP - 34%mg - 250 g,5.85,23.4,"['Casino', 'Epicerie Salée']",Casino Délices,True,False,false,3.0,WEEK,0.25kg,[],https://courses.monoprix.fr/images-v3/0c44253f-c4a3-4340-9d37-d41e42b9d14a/80e63b7f-d81c-4c9b-8113-6f39f95fa67a/300x300.jpg
Casino,dc2e3747-615b-4e0f-a668-5e020f59ec5d,MPX_3870844,Casino Saveurs D'Ailleurs Nouilles aux œufs - Recette asiatique - 250g,1.25,5.0,"['Casino', 'Epicerie Salée']",Casino Saveurs D'Ailleurs,True,False,false,6.0,MONTH,0.25kg,[],https://courses.monoprix.fr/images-v3/0c44253f-c4a3-4340-9d37-d41e42b9d14a/c53deb10-1e81-4be4-bf51-22c676560b65/300x300.jpg
Casino,f0b9cf8c-782f-451c-8a12-b5f689bb6733,MPX_3942459,Casino Noisettes Décortiquées - 125G,2.89,23.12,"['Casino', 'Epicerie Sucrée']",Casino,True,False,false,2.0,MONTH,125g,[],https://courses.monoprix.fr/images-v3/0c44253f-c4a3-4340-9d37-d41e42b9d14a/0abee18b-88dc-47b0-ad73-c79fb313a6e1/300x300.jpg
Casino,4ba044d5-99fc-41c7-903b-67891bff470d,MPX_3942922,Casino Delices Mozzarella di Bufala - Fromage - AOP - 125g,3.09,24.72,"['Casino', 'Epicerie Salée']",Casino Délices,True,False,false,1.0,WEEK,125g,[],https://courses.monoprix.fr/images-v3/0c44253f-c4a3-4340-9d37-d41e42b9d14a/18803a82-1804-4a90-84f0-c1a3c2ce703c/300x300.jpg
Casino,1b011ffc-e95b-47e1-b166-857f1ab54010,MPX_3942664,Casino Delices Saumon Atlantique fumé - Ecosse - Label Rouge 2 tranches - 80g,6.55,81.88,"['Casino', 'Epicerie Salée']",Casino Délices,True,False,false,1.0,WEEK,80g,[],https://courses.monoprix.fr/images-v3/0c44253f-c4a3-4340-9d37-d41e42b9d14a/bda68183-9100-41be-ae03-522e151fcf5b/300x300.jpg
Casino,69910479-eefb-4694-ae86-5449562b8de5,MPX_3872760,Club Des Sommeliers Côtes de Provence - Alc 12%vol. - Vin rosé - 3l,18.6,6.2,"['Casino', 'Vins et Effervescents']",Club Des Sommeliers,True,False,false,,,3L,[],https://courses.monoprix.fr/images-v3/0c44253f-c4a3-4340-9d37-d41e42b9d14a/bcdcd451-9e2e-4205-8cac-ffb213af6a2f/300x300.jpg
Casino,df976651-ad5a-41d2-b66c-de17fd3f31ff,MPX_3872020,Casino Riz - Thaï - Naturellement parfumé - 500g,1.09,2.18,"['Casino', 'Epicerie Salée']",Casino,True,False,false,6.0,MONTH,500g,[],https://courses.monoprix.fr/images-v3/0c44253f-c4a3-4340-9d37-d41e42b9d14a/8a64161b-6ebc-402f-aed0-e8ce9120772d/300x300.jpg
Casino,20f165a3-02fd-4b39-af24-9cd481acfaf4,MPX_3942931,Casino Délices Mini-Flûtes Olives Noires,1.45,22.31,"['Casino', 'Epicerie Salée']",Casino Délices,True,False,false,2.0,MONTH,0.065kg,[],https://courses.monoprix.fr/images-v3/0c44253f-c4a3-4340-9d37-d41e42b9d14a/fcfac7d6-a100-400c-bb90-eec4e552cc6e/300x300.jpg
Casino,391d0327-e537-45ba-92ef-f1ca90b5adc5,MPX_3943490,Club Des Sommeliers Chardonnay - Bourgogne - AOC - Alc 12%vol. - Vin blanc - 3l,22.99,7.66,"['Casino', 'Vins et Effervescents']",Club Des Sommeliers,True,False,false,,,3L,[],https://courses.monoprix.fr/images-v3/0c44253f-c4a3-4340-9d37-d41e42b9d14a/d659587b-afb2-40eb-8ac8-2588d32e33e4/300x300.jpg
Casino,8ab8732a-34ae-4aa6-bc7d-be1071c33aea,MPX_4112259,Club Des Sommeliers Gewurztraminer Blanc 75cl,6.2,8.27,"['Casino', 'Vins et Effervescents']",Club Des Sommeliers,True,False,false,,,75cl,[],https://courses.monoprix.fr/images-v3/0c44253f-c4a3-4340-9d37-d41e42b9d14a/541ad7f5-5763-4764-81c6-48cdabc7775a/300x300.jpg
Casino,1334152c-75fe-4c7e-8f7d-1269e8db701e,MPX_4041214,Club des sommeliers Saint nicolas de bourgueil vin rouge 75cl,7.25,9.67,"['Casino', 'Vins et Effervescents']",Club Des Sommeliers,True,False,false,,,750ml,[],https://courses.monoprix.fr/images-v3/0c44253f-c4a3-4340-9d37-d41e42b9d14a/e3c93e7f-0086-400c-ae93-0075ef850cbe/300x300.jpg
Casino,dc07fe7e-dd19-40f8-a4c5-5516f5a436d5,MPX_3871763,Casino Delices Cocktail - Fruits Rouges Fruits Exotiques - Fruits Secs - Noix De Coco Papaye Kiwi Cranberries Fraise - 120G,1.89,15.75,"['Casino', 'Epicerie Sucrée']",Casino Délices,True,False,false,1.0,DAY,120g,[],https://courses.monoprix.fr/images-v3/0c44253f-c4a3-4340-9d37-d41e42b9d14a/559d203a-58cf-4ecf-bde2-10ec69f088a9/300x300.jpg
Casino,259cf4ef-0e77-48d2-b95f-99befc63edc6,MPX_3942033,Casino Saveurs D'Ailleurs Ethiopie - Café Moulu - Pur Arabica - Subtil et Parfumé - 250g,3.99,15.96,"['Casino', 'Epicerie Sucrée']",Casino Saveurs D'Ailleurs,True,False,false,2.0,MONTH,250g,[],https://courses.monoprix.fr/images-v3/0c44253f-c4a3-4340-9d37-d41e42b9d14a/5adebe4c-828c-452e-aba0-32144c889818/300x300.jpg
Casino,48e68fbc-53d1-42c3-bcbf-913aec414cff,MPX_3886575,Casino Délices Les Girolles 330g,6.89,37.24,"['Casino', 'Epicerie Salée']",Casino Délices,True,False,false,1.0,YEAR,185g,[],https://courses.monoprix.fr/images-v3/0c44253f-c4a3-4340-9d37-d41e42b9d14a/66a11d4f-da73-48bf-a313-fda274f59d5f/300x300.jpg
Casino,fc0aa698-231a-47c5-bc89-e1c93680cece,MPX_3942430,Casino Thé vert - Menthe - 25 sachets - 40g,1.45,36.25,"['Casino', 'Epicerie Sucrée']",Casino,True,False,false,6.0,MONTH,40g,[],https://courses.monoprix.fr/images-v3/0c44253f-c4a3-4340-9d37-d41e42b9d14a/28073486-61ad-4f48-87dd-36389883a2a6/300x300.jpg
Casino,cec6d51d-1aa9-4df8-9dd1-4f95f2d1a0da,MPX_3943284,Biscottes - Goût brioché - x36 - 300g,1.75,5.83,"['Casino', 'Epicerie Sucrée']",Casino,True,False,false,2.0,MONTH,300g,[],https://courses.monoprix.fr/images-v3/0c44253f-c4a3-4340-9d37-d41e42b9d14a/69768df7-2396-4d8a-bc95-4588b7b47175/300x300.jpg
Casino,e9b2863d-b7e6-42a6-bd55-5493cfdfdc9a,MPX_3941170,Casino Gel Anticalcaire 750ml,3.57,3.57,"['Casino', 'Entretien']",Casino,True,False,false,,,,[],https://courses.monoprix.fr/images-v3/0c44253f-c4a3-4340-9d37-d41e42b9d14a/5ac46ab2-5840-4a1b-b86d-faac7507f8b6/300x300.jpg
Casino,82bbf316-507d-4994-bd87-e939e09a70cc,MPX_3939574,Casino Delices Tartelettes Chocolat Caramel Beurre Salé 125g,1.85,14.8,"['Casino', 'Epicerie Sucrée']",Casino Délices,True,False,false,1.0,DAY,125g,[],https://courses.monoprix.fr/images-v3/0c44253f-c4a3-4340-9d37-d41e42b9d14a/5cda5b2c-5470-4044-a7bd-81539678d4e8/300x300.jpg
Casino,a29cec29-3019-4930-8b78-c195d8971a12,MPX_3942790,Casino Cassonade pure canne - Doypack - 750g,2.15,2.87,"['Casino', 'Epicerie Sucrée']",Casino,True,False,false,2.0,MONTH,750g,[],https://courses.monoprix.fr/images-v3/0c44253f-c4a3-4340-9d37-d41e42b9d14a/a7462c82-d5e2-4080-ab13-d8ae474d4ba0/300x300.jpg
Casino,0e0eaaa2-5658-4ac3-83bd-970f858463dd,MPX_3942165,Club Des Sommeliers Morgon - Beaujolais - Vin rouge - 75cl,8.69,11.59,"['Casino', 'Vins et Effervescents']",Club Des Sommeliers,True,False,false,,,75cl,[],https://courses.monoprix.fr/images-v3/0c44253f-c4a3-4340-9d37-d41e42b9d14a/b5a3fa1a-1b4f-4de9-8181-f10dc43c29bb/300x300.jpg
Casino,4cb6e936-4cbc-422e-8369-cc72b118639b,MPX_3885735,Casino Steaks hâchés - Pur boeuf - Façon bouchère - x4 - 560g,6.52,11.64,"['Casino', 'Surgelés']",Casino,True,False,false,2.0,MONTH,0.56kg,['Produit congelé'],https://courses.monoprix.fr/images-v3/0c44253f-c4a3-4340-9d37-d41e42b9d14a/dc0ee155-1b9c-4e09-8da5-5d0468906d18/300x300.jpg
Casino,4609f387-e321-40c0-becd-7c7b5897aae9,MPX_3943181,Casino Queues de crevettes - Semi décortiquées cuites - 300g,8.65,28.83,"['Casino', 'Produits frais']",Casino,True,False,false,2.0,MONTH,300g,['Produit congelé'],https://courses.monoprix.fr/images-v3/0c44253f-c4a3-4340-9d37-d41e42b9d14a/8827bf48-c1ed-478a-9cfc-fcdd6f3858d2/300x300.jpg
Casino,1aae55f5-0ff6-4c87-a19b-1f58f74dbe41,MPX_3942266,Casino Délices Limonade Traditionnelle 75cl,2.75,3.67,"['Casino', 'Boissons']",Casino Délices,True,False,false,2.0,MONTH,75cl,[],https://courses.monoprix.fr/images-v3/0c44253f-c4a3-4340-9d37-d41e42b9d14a/1c40663a-7d40-4b41-88bc-1e622560adcb/300x300.jpg
Casino,18c4b187-8f27-4c3d-90d0-3833228a8307,MPX_3873344,Club Des Sommeliers Sylvaner - Alsace - Vin Blanc - 75Cl,4.99,6.65,"['Casino', 'Vins et Effervescents']",Club Des Sommeliers,True,False,false,,,75cl,[],https://courses.monoprix.fr/images-v3/0c44253f-c4a3-4340-9d37-d41e42b9d14a/f94c82af-8e9e-407d-9f7c-c9ec7200f575/300x300.jpg
Casino,1da71a20-5180-4ff9-bc16-abd1b3f5f33d,MPX_3942770,"Casino Sucre vanilliné - Arôme artificiel de Vanille - 10 sachets - 10x7,5g",0.99,0.99,"['Casino', 'Epicerie Sucrée']",Casino,True,False,false,6.0,MONTH,,[],https://courses.monoprix.fr/images-v3/0c44253f-c4a3-4340-9d37-d41e42b9d14a/ada5d6c8-fb15-4d98-b7fb-eedaca5dcec6/300x300.jpg
Casino,91607c66-408f-43e5-ae99-d2af1d6ed329,MPX_3941239,Casino Dessert - Chocolat noir - 200g,1.69,8.45,"['Casino', 'Epicerie Sucrée']",Casino,True,False,false,6.0,MONTH,0.2kg,[],https://courses.monoprix.fr/images-v3/0c44253f-c4a3-4340-9d37-d41e42b9d14a/f2c329d3-59b2-41f5-804e-722060acc07a/300x300.jpg
Casino,a6ee792a-8b7e-4499-9f3a-7f448a0f4b2b,MPX_3885769,Casino Saucisses aux lentilles - 840g,2.59,3.08,"['Casino', 'Epicerie Salée']",Casino,True,False,false,1.0,YEAR,840g,[],https://courses.monoprix.fr/images-v3/0c44253f-c4a3-4340-9d37-d41e42b9d14a/3c8ae1dd-87ea-495b-aeb9-5eba7173aba6/300x300.jpg
Casino,cbaf7f96-9037-4650-a4f3-9a037846e1f6,MPX_3940716,Casino Saucisses cockail de Strasbourg - 240g,2.63,10.96,"['Casino', 'Epicerie Salée']",Casino,True,False,false,1.0,YEAR,240g,[],https://courses.monoprix.fr/images-v3/0c44253f-c4a3-4340-9d37-d41e42b9d14a/80b328fb-404f-4cfb-81af-c574e309291f/300x300.jpg
Casino,7ef0e3dc-00ae-41b8-a15c-097c09e8e013,MPX_4095496,Casino Club des Sommeliers Pic St Loup Vin Rouge AOP 75cl,6.9,9.2,"['Casino', 'Vins et Effervescents']",Club Des Sommeliers,True,False,false,,,75cl,[],https://courses.monoprix.fr/images-v3/0c44253f-c4a3-4340-9d37-d41e42b9d14a/41eae73b-4621-420f-b2b0-76551c374a92/300x300.jpg
Casino,c365b115-66ff-4e60-93f0-efdd016c1540,MPX_3941457,Grandes Reserves Riesling Grand cru - Alsace - Dopff - Vin blanc - Par Club des Sommeliers - 75cl,17.3,23.07,"['Casino', 'Vins et Effervescents']",Club Des Sommeliers Grandes Réserves,True,False,false,,,75cl,[],https://courses.monoprix.fr/images-v3/0c44253f-c4a3-4340-9d37-d41e42b9d14a/7e46ba3f-3e4d-4000-8f86-0a3033c0fcbd/300x300.jpg
Casino,989867fd-03c1-49dd-bf16-864a88589cce,MPX_3942421,Casino Saveurs D'Ailleurs Riz à la cantonaise - Recette chinoise - 900g,5.4,6.0,"['Casino', 'Surgelés']",Casino Saveurs D'Ailleurs,True,False,false,6.0,MONTH,900g,['Produit congelé'],https://courses.monoprix.fr/images-v3/0c44253f-c4a3-4340-9d37-d41e42b9d14a/d320adda-5a21-4703-932c-625016c6d527/300x300.jpg
Casino,f10caf2d-77a2-4777-8bad-b2b2c68f6b37,MPX_3939480,Casino Steaks hâchés - Pur bœuf - 10% m.g. - x10 - 1kg,11.9,11.9,"['Casino', 'Surgelés']",Casino,True,False,false,2.0,MONTH,1kg,['Produit congelé'],https://courses.monoprix.fr/images-v3/0c44253f-c4a3-4340-9d37-d41e42b9d14a/fe5ee109-2d40-4382-a346-94444fd92235/300x300.jpg
Casino,b504c763-b99f-4b33-ac6b-f39d4b45fe1b,MPX_3940485,Casino Délices Mini-Gâches Pur beurre 360G,3.29,9.14,"['Casino', 'Epicerie Sucrée']",Casino Délices,True,False,false,1.0,WEEK,360g,[],https://courses.monoprix.fr/images-v3/0c44253f-c4a3-4340-9d37-d41e42b9d14a/8455f0e9-8c65-498e-938d-277288075c9c/300x300.jpg
Casino,00757646-d01b-405a-9412-5f1c769c60d2,MPX_6624808,Club des Sommeliers Anjou Vin Rouge AOP Cubi 3L,13.49,4.5,"['Casino', 'Vins et Effervescents']",Club des Sommeliers,True,False,false,,,3L,[],https://courses.monoprix.fr/images-v3/0c44253f-c4a3-4340-9d37-d41e42b9d14a/a723c126-25db-43bc-bd05-d04576bcb655/300x300.jpg
Casino,99a9e07e-a02a-424f-b0d2-78635f89af1d,MPX_3871891,Casino Sablé - Céréales - Chocolat - 200g,1.39,6.95,"['Casino', 'Epicerie Sucrée']",Casino,True,False,false,2.0,MONTH,200g,[],https://courses.monoprix.fr/images-v3/0c44253f-c4a3-4340-9d37-d41e42b9d14a/f48082bb-7b3d-43cb-bd01-a35e79b5ede3/300x300.jpg
Casino,ae3a7891-a89b-45db-b00c-091445000817,MPX_3942792,Casino Sucre blanc en poudre - 750g,1.59,2.12,"['Casino', 'Epicerie Sucrée']",Casino,True,False,false,2.0,MONTH,0.75kg,[],https://courses.monoprix.fr/images-v3/0c44253f-c4a3-4340-9d37-d41e42b9d14a/0867f48e-3e2c-43ae-bc38-918979f42b73/300x300.jpg
Casino,752dafec-0b2f-4f31-b263-5e36ca8ed9b4,MPX_3885703,Casino Purée Nature - 4X125G,2.38,4.76,"['Casino', 'Epicerie Salée']",Casino,True,False,false,6.0,MONTH,4 x 125g,[],https://courses.monoprix.fr/images-v3/0c44253f-c4a3-4340-9d37-d41e42b9d14a/ed0db10e-129a-4e4c-9608-0de53918adaf/300x300.jpg
Casino,9dcacb3c-9057-4193-b283-804734971047,MPX_3871733,Casino Muesli croustillant noix noisettes - 500g,3.14,6.28,"['Casino', 'Epicerie Sucrée']",Casino,True,False,false,2.0,MONTH,500g,[],https://courses.monoprix.fr/images-v3/0c44253f-c4a3-4340-9d37-d41e42b9d14a/df7e1210-0532-4cbb-b6e2-594157672f21/300x300.jpg
Casino,abe6e6d6-d040-4a11-b049-5ef1c24cfb5e,MPX_3943166,Casino Pâte à tartiner ss h. de palme - 750g,4.99,6.65,"['Casino', 'Epicerie Sucrée']",Casino,True,False,false,2.0,MONTH,750g,[],https://courses.monoprix.fr/images-v3/0c44253f-c4a3-4340-9d37-d41e42b9d14a/7e5570e7-a743-4aad-b7a7-113570c19611/300x300.jpg
Casino,25085337-73b9-486c-955d-628a7922f7b2,MPX_4097306,Casino Biscottes 108 tranches 900g,2.59,2.88,"['Casino', 'Epicerie Sucrée']",Casino,True,False,false,2.0,MONTH,900g,[],https://courses.monoprix.fr/images-v3/0c44253f-c4a3-4340-9d37-d41e42b9d14a/3a429e2f-6c0b-4d81-9906-bc687cddceee/300x300.jpg
Casino,bc20e8ae-9504-4dde-92de-b955d9586d98,MPX_3941382,Casino Delices Crèpes Dentelle - Fourrées Roquefort - 65G,2.99,46.0,"['Casino', 'Epicerie Sucrée']",Casino Délices,True,False,false,1.0,DAY,0.065L,[],https://courses.monoprix.fr/images-v3/0c44253f-c4a3-4340-9d37-d41e42b9d14a/5d1cd7f5-6af1-4715-8262-4e25663915e6/300x300.jpg
Casino,31bb98b6-fce6-47ad-915c-ba46554354d0,MPX_3940968,Casino Tarte aux poireaux - 400g,3.39,8.48,"['Casino', 'Surgelés']",Casino,True,False,false,6.0,MONTH,400g,['Produit congelé'],https://courses.monoprix.fr/images-v3/0c44253f-c4a3-4340-9d37-d41e42b9d14a/90155808-81e0-4740-bf6b-a63e8d1a9ae2/300x300.jpg
Casino,936b1cc2-c7bd-4c71-b986-018080cf09ab,MPX_3939926,Club Des Sommeliers Vinho Verde - Portugal - Alc. 12% vol.- Vin blanc - 75cl,4.99,6.65,"['Casino', 'Vins et Effervescents']",Club Des Sommeliers,True,False,false,2.0,MONTH,75cl,[],https://courses.monoprix.fr/images-v3/0c44253f-c4a3-4340-9d37-d41e42b9d14a/66f19bf4-a37f-42c9-bac6-5c7acfa94e2e/300x300.jpg
Casino,71077ceb-b303-4984-b2a0-cc54836a11f9,MPX_3871976,Casino Spaghetti - Pâtes - 500g,0.99,1.98,"['Casino', 'Epicerie Salée']",Casino,True,False,false,1.0,YEAR,500g,[],https://courses.monoprix.fr/images-v3/0c44253f-c4a3-4340-9d37-d41e42b9d14a/940d9910-c117-4a0d-855d-e0253305e9c6/300x300.jpg
Casino,1470911d-557d-4458-97fe-f786a678740e,MPX_3941237,Casino Tablette de chocolat - Noir - 3x100g,1.93,6.43,"['Casino', 'Epicerie Sucrée']",Casino,True,False,false,6.0,MONTH,3 x 100g,[],https://courses.monoprix.fr/images-v3/0c44253f-c4a3-4340-9d37-d41e42b9d14a/4cf6a389-d53d-43a9-88ce-0b873f012547/300x300.jpg
Casino,762d3df0-1a9e-4fe8-a3ec-7147cbc98ff3,MPX_3940915,Casino Bonbons à la menthe - Sans sucre - 150g,2.93,19.53,"['Casino', 'Epicerie Sucrée']",Casino,True,False,false,6.0,MONTH,0.15kg,[],https://courses.monoprix.fr/images-v3/0c44253f-c4a3-4340-9d37-d41e42b9d14a/0198e966-bca7-4c04-bbbc-13541443222e/300x300.jpg
Casino,e54f6cc7-570c-41c8-8a03-5ffa265671e6,MPX_3941983,Casino Delices Caviar de tomates séchées - 90g,3.85,42.78,"['Casino', 'Epicerie Salée']",Casino Délices,True,False,false,6.0,MONTH,0.09kg,[],https://courses.monoprix.fr/images-v3/0c44253f-c4a3-4340-9d37-d41e42b9d14a/16d4e17d-fbdc-4a2c-99d4-3dc93a81e3f7/300x300.jpg
Casino,563ea071-f58f-4677-bee6-e64c69d8c31e,MPX_3942403,Grandes Reserves Saint Joseph - Vallée du Rhône - M. Chapoutier - Vin rouge - Par Club des Sommeliers - 75cl,18.3,24.4,"['Casino', 'Vins et Effervescents']",Club Des Sommeliers Grandes Réserves,True,False,false,2.0,MONTH,75cl,[],https://courses.monoprix.fr/images-v3/0c44253f-c4a3-4340-9d37-d41e42b9d14a/41a9ddb2-7c92-4e68-ba3a-afe4478c29cf/300x300.jpg
Casino,342a0f58-4588-42ca-923c-5e692d980014,MPX_3940493,Casino Infusion - Camomille - 25 sachets - 20g,1.19,59.5,"['Casino', 'Epicerie Sucrée']",Casino,True,False,false,6.0,MONTH,20g,[],https://courses.monoprix.fr/images-v3/0c44253f-c4a3-4340-9d37-d41e42b9d14a/fe0b6eac-20ee-42b1-9083-c4faf2285259/300x300.jpg
Casino,2fcdd53e-19fe-4a72-836f-6702fbf5f609,MPX_3942592,Casino Crème glacée - Vanille de Madagascar - Bac - 500g,2.49,4.98,"['Casino', 'Surgelés']",Casino,True,False,false,6.0,MONTH,500g,['Produit congelé'],https://courses.monoprix.fr/images-v3/0c44253f-c4a3-4340-9d37-d41e42b9d14a/bc40dce5-3558-4b60-8891-6c893dcee493/300x300.jpg
Casino,20ee25da-1085-4530-93cb-da7179f77908,MPX_3940615,Casino Delices Vinaigre de cidre - Saveur noix - 25cl,2.69,10.76,"['Casino', 'Epicerie Salée']",Casino Délices,True,False,false,,,25cl,[],https://courses.monoprix.fr/images-v3/0c44253f-c4a3-4340-9d37-d41e42b9d14a/c758cf56-90b9-4a6d-961c-ea2002e6d702/300x300.jpg
Casino,f124f35e-1950-4067-8492-65c067cd693a,MPX_3942225,Casino Coquilles moelleuses - Madeleines - Sans gluten - 200g,3.28,16.4,"['Casino', 'Epicerie Sucrée']",Casino,True,False,false,1.0,MONTH,200g,[],https://courses.monoprix.fr/images-v3/0c44253f-c4a3-4340-9d37-d41e42b9d14a/281025af-26ac-43e6-a700-19bde3e00900/300x300.jpg
Casino,bb0fc905-f74d-469b-a939-924a6c9800d3,MPX_3941153,Casino Colin d'Alaska - Filets - x4 - 400g,4.15,10.38,"['Casino', 'Surgelés']",Casino,True,False,false,2.0,MONTH,400g,['Produit congelé'],https://courses.monoprix.fr/images-v3/0c44253f-c4a3-4340-9d37-d41e42b9d14a/413ea396-5f70-4d20-aec0-b58fea0b416e/300x300.jpg
Casino,36d054f4-5b3e-405d-ab3a-8590979480f6,MPX_3942860,Casino Délices Pates Aux Légumes Grillés 250G,4.45,17.8,"['Casino', 'Produits frais']",Casino Délices,True,False,false,2.0,WEEK,0.25kg,[],https://courses.monoprix.fr/images-v3/0c44253f-c4a3-4340-9d37-d41e42b9d14a/f94e66aa-3475-43d1-bb3c-d61809985554/300x300.jpg
Casino,b9cbf64d-8146-42fa-aab8-ce060b8973a7,MPX_3939991,Casino Gants special menage TM - 1 paire,2.45,2.45,"['Casino', 'Entretien']",Casino,True,False,false,,,,[],https://courses.monoprix.fr/images-v3/0c44253f-c4a3-4340-9d37-d41e42b9d14a/54f6db23-0d45-47e2-9e53-67b3c9dc59ec/300x300.jpg
Casino,989f5fcb-c623-4ddc-9639-d9db013cec08,MPX_3941419,Casino Delices Galetes Suédoises - Chocolat - Flocons d'avoine - 150g,3.35,22.33,"['Casino', 'Epicerie Sucrée']",Casino Délices,True,False,false,1.0,DAY,150g,[],https://courses.monoprix.fr/images-v3/0c44253f-c4a3-4340-9d37-d41e42b9d14a/ec11ff37-0e5b-4b25-bf54-4a9dde177917/300x300.jpg
Casino,bf21a678-9122-4040-8cf6-8213692dc40c,MPX_3942181,Casino Thon Albacore au naturel - 280g,4.25,15.18,"['Casino', 'Epicerie Salée']",Casino,True,False,false,1.0,YEAR,280g,[],https://courses.monoprix.fr/images-v3/0c44253f-c4a3-4340-9d37-d41e42b9d14a/76b2b00d-2e1e-4a81-950b-dae0eb87b465/300x300.jpg
Casino,1a5532b8-4dca-4ae9-b62c-608616b01117,MPX_4092879,Club des sommeliers chardonnay vin bio 75cl,5.19,6.92,"['Casino', 'Vins et Effervescents']",Club Des Sommeliers,True,False,false,2.0,MONTH,75cl,['Produit bio'],https://courses.monoprix.fr/images-v3/0c44253f-c4a3-4340-9d37-d41e42b9d14a/cce763b4-620a-4c80-9307-81cac74d1365/300x300.jpg
Casino,5c044842-9de6-4a37-ad66-7b1253b8bb76,MPX_3870812,Casino Bio Huile D'Olive Vierge Extra - Biologique - 75Cl,9.99,9.99,"['Casino', 'Epicerie Salée']",Casino Bio,True,False,false,2.0,MONTH,,['Produit bio'],https://courses.monoprix.fr/images-v3/0c44253f-c4a3-4340-9d37-d41e42b9d14a/76eee621-9deb-49cb-aa43-3ab723d8bf98/300x300.jpg
Casino,d8513204-b75f-4a1d-a59c-289c1e58fdc5,MPX_3943335,Casino Ça Vient D'Ici Cidre De Bretagne - Brut - Alc. 5% Vol. - 75Cl,2.19,2.92,"['Casino', 'Vins et Effervescents']",Casino Ca Vient D'Ici,True,False,false,,,750ml,[],https://courses.monoprix.fr/images-v3/0c44253f-c4a3-4340-9d37-d41e42b9d14a/7077e946-2fea-4616-9d4f-1a6a8b3aa3b1/300x300.jpg
Casino,e1fccd34-2dfe-4101-a81a-90b74653b921,MPX_3870839,Casino Ananas Tranche Ent.340G Co,2.39,7.03,"['Casino', 'Epicerie Sucrée']",Casino,True,False,false,6.0,MONTH,340g,[],https://courses.monoprix.fr/images-v3/0c44253f-c4a3-4340-9d37-d41e42b9d14a/7f249f51-8a0d-41f4-862c-efcdb7b81487/300x300.jpg
Casino,cda28ee9-285e-447c-bc82-f6cd69523219,MPX_3943119,Casino Cônes Glacés - Caramel Beurre Salé - X6 - 429G,2.85,6.64,"['Casino', 'Surgelés']",Casino,True,False,false,2.0,MONTH,0.429kg,['Produit congelé'],https://courses.monoprix.fr/images-v3/0c44253f-c4a3-4340-9d37-d41e42b9d14a/62d5f9ff-7b03-4e29-b8b1-334be8d09b20/300x300.jpg
Casino,7d872acd-c7e2-4998-ad9f-7d4fa4cea145,MPX_3872015,Casino Muesli Croustillant Aux 3 Chocolats - 500G,3.31,6.62,"['Casino', 'Epicerie Sucrée']",Casino,True,False,false,2.0,MONTH,500g,[],https://courses.monoprix.fr/images-v3/0c44253f-c4a3-4340-9d37-d41e42b9d14a/348b1c29-5734-4de9-b441-f91c9ead2e48/300x300.jpg
Casino,96ef23b0-c59d-4220-9cd2-72eb19fc3d30,MPX_4055898,Casino Pièges à Mites Alimentaires Inodore 8 semaines d'Efficacité x3,5.62,5.62,"['Casino', 'Entretien']",Casino,True,False,false,,,,[],https://courses.monoprix.fr/images-v3/0c44253f-c4a3-4340-9d37-d41e42b9d14a/6b968f47-5be1-435b-a590-520899962671/300x300.jpg
Casino,de038265-8772-478f-957f-c378f00df65c,MPX_3940345,Casino Lessive Doses au savon de Marseille X30 ,10.9,10.9,"['Casino', 'Entretien']",Casino,True,False,false,,,,[],https://courses.monoprix.fr/images-v3/0c44253f-c4a3-4340-9d37-d41e42b9d14a/f45cd73a-4cc7-485b-8831-468b73e57f91/300x300.jpg
Casino,381f49ec-0d24-4be8-8f89-eff3881eb8e1,MPX_3872051,Casino Ravioli pur bœuf - 800g,2.45,3.06,"['Casino', 'Epicerie Salée']",Casino,True,False,false,1.0,YEAR,800g,[],https://courses.monoprix.fr/images-v3/0c44253f-c4a3-4340-9d37-d41e42b9d14a/89ad0870-d1fc-434d-83fe-39f404584829/300x300.jpg
Casino,84f06206-7547-4ee7-9707-55bb750b7170,MPX_3941249,Casino Recharge anti-moustique 45 nuits - 33ml,2.65,2.65,"['Casino', 'Entretien']",Casino,True,False,false,2.0,MONTH,,[],https://courses.monoprix.fr/images-v3/0c44253f-c4a3-4340-9d37-d41e42b9d14a/fbc2c47f-44d1-459b-9df0-1a7edac460ee/300x300.jpg
Casino,200481af-192a-48ea-86ea-cfdd900be504,MPX_3941384,Casino Delices Crèpes dentelle - Fourrées Cheddar - 65g,2.99,46.0,"['Casino', 'Epicerie Salée']",Casino Délices,True,False,false,2.0,MONTH,0.065L,[],https://courses.monoprix.fr/images-v3/0c44253f-c4a3-4340-9d37-d41e42b9d14a/c8fd77f8-c3df-4286-b238-62d408232f63/300x300.jpg
Casino,64bb92de-d284-4d1b-82ab-076df8bfba46,MPX_3942925,Casino Delices Camembert de Normandie - Fromage - AOP - 22%mg - 250g,4.59,18.36,"['Casino', 'Epicerie Salée']",Casino Délices,True,False,false,1.0,WEEK,250g,[],https://courses.monoprix.fr/images-v3/0c44253f-c4a3-4340-9d37-d41e42b9d14a/d24c76b4-5d9c-4c9c-8d6d-6f52fb704979/300x300.jpg
Casino,dc5fff88-23d7-4846-9035-77830f4de568,MPX_3941869,Grandes Reserves Moulin À Vent Beaujolais Georges Duboeuf 75Cl,11.99,15.99,"['Casino', 'Vins et Effervescents']",Club Des Sommeliers Grandes Réserves,True,False,false,,,75cl,[],https://courses.monoprix.fr/images-v3/0c44253f-c4a3-4340-9d37-d41e42b9d14a/9e760151-7940-492c-a9cf-73eb296fbef1/300x300.jpg
Casino,627252a7-4515-4dad-84af-f3a84648b1cc,MPX_3886576,Délices - Morilles - Déshydratées - 25g,26.9,1076.0,"['Casino', 'Epicerie Salée']",Casino Délices,True,False,false,1.0,DAY,25g,[],https://courses.monoprix.fr/images-v3/0c44253f-c4a3-4340-9d37-d41e42b9d14a/d2307b7a-e82b-4830-8087-4f0182d57ce4/300x300.jpg
Casino,5123bac4-fcb2-4da7-9439-7c5b4295acf2,MPX_3943477,Casino Delices Sauce pesto rosso - 190g,3.59,18.89,"['Casino', 'Epicerie Salée']",Casino Délices,True,False,false,1.0,DAY,0.19kg,[],https://courses.monoprix.fr/images-v3/0c44253f-c4a3-4340-9d37-d41e42b9d14a/470b441f-5dd7-42ad-85a1-a60c481e894f/300x300.jpg
Casino,47ca6956-3968-4333-be0c-99c04231ef22,MPX_3886578,Casino Délices  Cèpes Déshydratés 30g,6.89,229.67,"['Casino', 'Epicerie Salée']",Casino Délices,True,False,false,1.0,DAY,30g,[],https://courses.monoprix.fr/images-v3/0c44253f-c4a3-4340-9d37-d41e42b9d14a/58543327-2be3-467a-bf1d-1b8c3d1fe2e1/300x300.jpg
Casino,da9f9edb-70ef-4f67-84d8-78b3390a7547,MPX_3943172,Casino Saveurs D'Ailleurs Tortillas de maïs - Galettes à garnir - Recette mexicaine - 320g,2.49,7.78,"['Casino', 'Epicerie Salée']",Casino Saveurs D'Ailleurs,True,False,false,1.0,MONTH,0.32kg,[],https://courses.monoprix.fr/images-v3/0c44253f-c4a3-4340-9d37-d41e42b9d14a/736c61eb-8609-44a2-bee0-e8b25f0f50eb/300x300.jpg
Casino,c01febbd-2688-4f0d-aed8-73d1ceb9935e,MPX_6576601,Casino Purée de Pomme sans sucres ajoutés 12x90g,3.93,3.64,"['Casino', 'Produits frais']",Casino,True,False,false,1.0,MONTH,12 x 90g,[],https://courses.monoprix.fr/images-v3/0c44253f-c4a3-4340-9d37-d41e42b9d14a/24df7fb7-fbae-4b6e-9764-9be8f166799d/300x300.jpg
Casino,8401ebb5-a8d1-4c29-9bbc-0bfa35fbb753,MPX_3939877,Casino Delices La Fabuleuse crème glacée - Crème glacée - Lait d'amande et éclats de macaron - Bac - 290g,4.09,14.1,"['Casino', 'Surgelés']",Casino Délices,True,False,false,1.0,DAY,290g,['Produit congelé'],https://courses.monoprix.fr/images-v3/0c44253f-c4a3-4340-9d37-d41e42b9d14a/e6c2a9ff-9a60-4640-98f2-ff6a29998f3e/300x300.jpg
Casino,c1cf6eca-9eee-4780-865a-1f03e9374be8,MPX_3940956,Casino Bio Pizza - 3 fromages - Cuite au feu de bois - Biologique - 380g,4.99,13.13,"['Casino', 'Surgelés']",Casino Bio,True,False,false,6.0,MONTH,380g,"['Produit congelé', 'Produit bio']",https://courses.monoprix.fr/images-v3/0c44253f-c4a3-4340-9d37-d41e42b9d14a/acb042d6-16e9-4358-b726-e7b74546be87/300x300.jpg
Casino,83f8494b-74b6-4a32-863e-cea2f9464105,MPX_3940407,Club Des Sommeliers Gigondas - Vallée du Rhône - Vin rouge - 75cl,12.99,17.32,"['Casino', 'Vins et Effervescents']",Club Des Sommeliers,True,False,false,2.0,MONTH,75cl,[],https://courses.monoprix.fr/images-v3/0c44253f-c4a3-4340-9d37-d41e42b9d14a/2102ad0c-053d-480f-82c2-379a3c81c380/300x300.jpg
Casino,04533193-f0d1-4c14-9831-e0397ad433ca,MPX_3942953,Casino Délices Mayonnaise À La Moutarde À L'Ancienne,2.39,9.96,"['Casino', 'Epicerie Salée']",Casino Délices,True,False,false,1.0,DAY,0.24kg,[],https://courses.monoprix.fr/images-v3/0c44253f-c4a3-4340-9d37-d41e42b9d14a/e07be353-d89a-4f70-a688-44d9e237d7b8/300x300.jpg
Casino,c1f41356-2188-45df-80bd-070194f4a785,MPX_3943308,Casino Délices Les Petites Gourmandises À La Noix De Coco,2.45,24.5,"['Casino', 'Epicerie Sucrée']",Casino Délices,True,False,false,2.0,MONTH,100g,[],https://courses.monoprix.fr/images-v3/0c44253f-c4a3-4340-9d37-d41e42b9d14a/1321ebeb-ff82-4224-9811-1a54cc1d7247/300x300.jpg
Casino,47586d3f-75c5-470e-ab7d-a5444f8be034,MPX_6531600,"Casino Terrine pour Chien Adulte Boeuf Carottes 1,2kg",3.09,2.57,"['Casino', 'Animaux']",Casino Animaplus,True,False,false,2.0,MONTH,1.2kg,[],https://courses.monoprix.fr/images-v3/0c44253f-c4a3-4340-9d37-d41e42b9d14a/e355d71d-02a9-41a2-9fa2-14c5071ff14d/300x300.jpg
Casino,0f3f54c2-5c5f-463f-b837-0da1beddd118,MPX_4015191,Casino Sucre en Poudre Buchettes 500g,3.58,7.16,"['Casino', 'Epicerie Sucrée']",Casino,True,False,false,,,0.5kg,[],https://courses.monoprix.fr/images-v3/0c44253f-c4a3-4340-9d37-d41e42b9d14a/2744d88a-14b3-4ec1-b923-cb0b316f24f4/300x300.jpg
Casino,b1a0ad35-6de9-45d1-98e7-b6cbe52f9f32,MPX_4043438,"Club des sommelier Monbazillac Vin blanc 37,5cl",5.1,13.6,"['Casino', 'Vins et Effervescents']",Club Des Sommeliers,True,False,false,,,375ml,[],https://courses.monoprix.fr/images-v3/0c44253f-c4a3-4340-9d37-d41e42b9d14a/e8c8f756-4107-4343-a193-083ca8e1ecfe/300x300.jpg
Casino,850aef69-3881-4887-b54c-f97dff022296,MPX_3942080,Casino Bio Farine de blé - Biologique - 1kg,1.69,1.69,"['Casino', 'Epicerie Salée']",Casino Bio,True,False,false,2.0,MONTH,1kg,['Produit bio'],https://courses.monoprix.fr/images-v3/0c44253f-c4a3-4340-9d37-d41e42b9d14a/30a17bfa-8159-45d8-b755-1a0a1dc56a31/300x300.jpg
Casino,dccfbb2e-bf7e-4d03-9034-56702bbf584b,MPX_3939567,Casino Delices L'exquis cœur fondant - Fondant au chocolat - Cœur au chocolat noir - 2 pots - 2x90g,2.95,16.39,"['Casino', 'Epicerie Sucrée']",Casino Délices,True,False,false,1.0,WEEK,0.18kg,[],https://courses.monoprix.fr/images-v3/0c44253f-c4a3-4340-9d37-d41e42b9d14a/04d814e6-94fe-4df8-9a59-555ff45c4f5c/300x300.jpg
Casino,f04f7b3d-849c-48e6-a52d-f47bcf466f6b,MPX_3871718,Casino Chips - A l'ancienne - Nature 300g,2.38,7.93,"['Casino', 'Epicerie Salée']",Casino,True,False,false,1.0,MONTH,300g,[],https://courses.monoprix.fr/images-v3/0c44253f-c4a3-4340-9d37-d41e42b9d14a/af3b4d2f-15a8-4527-82e0-703a00d7f9b4/300x300.jpg
Casino,63ab5c91-80e0-4ff8-be9f-d6c86e17461e,MPX_3943103,Les Tilapins Compotes - Pommes - Biologique - 4x100g,2.51,6.28,"['Casino', 'Epicerie Sucrée']",Les Tilapins De Casino,True,False,false,2.0,MONTH,4 x 100g,['Produit bio'],https://courses.monoprix.fr/images-v3/0c44253f-c4a3-4340-9d37-d41e42b9d14a/30651aa3-25a1-4459-937d-8b3631c03957/300x300.jpg
Casino,79ed8bfc-f987-4d25-8bce-549d73ab42d3,MPX_3941049,"Casino Délices L'Étonnant Cocktail De Fruits Secs : Amande, Noisette, Abricot, Poire, Cerire",3.49,29.08,"['Casino', 'Epicerie Sucrée']",Casino Délices,True,False,false,1.0,DAY,120g,[],https://courses.monoprix.fr/images-v3/0c44253f-c4a3-4340-9d37-d41e42b9d14a/2c3f278b-7eaf-41ec-8137-35f19912ca30/300x300.jpg
Casino,5f8489a9-9590-4c5b-b1b7-3900525b009d,MPX_3872257,Casino Lait demi-écrémé - 6x50cl,5.4,1.8,"['Casino', 'Boissons']",Casino,True,False,false,4.0,WEEK,6 x 50cl,[],https://courses.monoprix.fr/images-v3/0c44253f-c4a3-4340-9d37-d41e42b9d14a/1b37927b-d8c8-4076-bd3f-f9dc88a3fb77/300x300.jpg
Casino,bd3c6afe-131e-4b21-84e2-be973ac01c13,MPX_4123693,"Club des Sommeliers Monbazillac Blanc, 75cl",8.18,10.91,"['Casino', 'Vins et Effervescents']",Club Des Sommeliers,True,False,false,,,75cl,[],https://courses.monoprix.fr/images-v3/0c44253f-c4a3-4340-9d37-d41e42b9d14a/63e1353e-ed8e-462c-a18b-ad47c5e5f9ec/300x300.jpg
Casino,8ea3651f-4756-467d-b29a-1f3a894449d0,MPX_6603569,Casino Animaplus Terrine Chien Adulte Volaille & légumes 300g,1.59,5.3,"['Casino', 'Animaux']",Casino Animaplus,True,False,false,6.0,MONTH,300g,[],https://courses.monoprix.fr/images-v3/0c44253f-c4a3-4340-9d37-d41e42b9d14a/6c627dba-add1-4439-b6f8-886c0655f274/300x300.jpg
Casino,ab08bb9d-8c8e-4735-ab3c-102a3859140d,MPX_6569573,Casino Anima Plus Terrine au Bœuf & aux Légumes pour Chien Adulte 300g,1.69,5.63,"['Casino', 'Animaux']",Casino Animaplus,True,False,false,6.0,MONTH,0.3kg,[],https://courses.monoprix.fr/images-v3/0c44253f-c4a3-4340-9d37-d41e42b9d14a/7b47a6d4-ffaa-484c-8565-64b1876ca43d/300x300.jpg
Casino,b57fd7f2-4086-4ca4-bca0-cd554d54203b,MPX_3871982,Casino Coquillettes - Pâtes - 1kg,1.79,1.79,"['Casino', 'Epicerie Salée']",Casino,True,False,false,1.0,YEAR,1kg,[],https://courses.monoprix.fr/images-v3/0c44253f-c4a3-4340-9d37-d41e42b9d14a/dff9a54e-64bd-4dfe-a77f-9de77657d3aa/300x300.jpg
Casino,b1ec94cc-4bc2-4a3e-8d20-a826856d4b53,MPX_6521202,"Casino Bouchées pour Chien Adulte Bœuf Pâtes 1,24kg",2.3,1.85,"['Casino', 'Animaux']",Casino Animaplus,True,False,false,6.0,MONTH,1.24kg,[],https://courses.monoprix.fr/images-v3/0c44253f-c4a3-4340-9d37-d41e42b9d14a/32273d5f-9aca-4086-a338-c21cb3d1c5fd/300x300.jpg
Casino,e78cc789-2ce5-4def-9770-13a1abd84523,MPX_3939486,Casino Lingettes anti-transfert de couleurs - x24,2.99,2.99,"['Casino', 'Entretien']",Casino,True,False,false,1.0,YEAR,,[],https://courses.monoprix.fr/images-v3/0c44253f-c4a3-4340-9d37-d41e42b9d14a/e4837b03-1c18-45e9-bf9d-1ecdccb841c1/300x300.jpg
Casino,b8c2ffdc-ed41-4a09-ba33-190f49c49e3e,MPX_3871766,Casino Delices Cocktail - Fruits Rouges Noix - Fruits Secs - Noix De Pécan Noix De Macadamia Cranberries Fraise - 120G,3.09,25.75,"['Casino', 'Epicerie Sucrée']",Casino Délices,True,False,false,2.0,MONTH,120g,[],https://courses.monoprix.fr/images-v3/0c44253f-c4a3-4340-9d37-d41e42b9d14a/88ff26ec-381e-4c73-bab5-503654e788f1/300x300.jpg
Casino,36222498-2308-40f5-8347-3a4474e67fbb,MPX_6531601,"Casino Terrine pour Chien Adulte Poulet Carottes 1,2kg",3.19,2.66,"['Casino', 'Animaux']",Casino Animaplus,True,False,false,2.0,MONTH,1.2kg,[],https://courses.monoprix.fr/images-v3/0c44253f-c4a3-4340-9d37-d41e42b9d14a/9bf7e86d-6ab7-41f3-86e6-14aaa4a5c29f/300x300.jpg
Casino,c8355be1-726d-4fea-ab62-20708e4d0aaa,MPX_3943479,Casino Delices Tomate riccota - 190g,3.95,20.79,"['Casino', 'Epicerie Salée']",Casino Délices,True,False,false,1.0,DAY,0.19kg,[],https://courses.monoprix.fr/images-v3/0c44253f-c4a3-4340-9d37-d41e42b9d14a/254f7709-725e-4a71-8633-a88c7fc224a5/300x300.jpg
Casino,009c6f43-299b-4b0b-a8f2-ab4d9cd9cea9,MPX_6564006,Casino Beurre de Cacahuètes 350g,4.49,12.83,"['Casino', 'Epicerie Sucrée']",Casino,True,False,false,2.0,MONTH,350g,[],https://courses.monoprix.fr/images-v3/0c44253f-c4a3-4340-9d37-d41e42b9d14a/d706d4db-8f67-4197-b4e9-6e5277d6d75c/300x300.jpg
Casino,9df6c3a2-7548-4b1d-ae82-e6d5fab1ed7f,MPX_3941979,Casino Huile d'olive vierge extra - 50cl,6.99,6.99,"['Casino', 'Epicerie Salée']",Casino,True,False,false,2.0,MONTH,,[],https://courses.monoprix.fr/images-v3/0c44253f-c4a3-4340-9d37-d41e42b9d14a/2676a8d2-f057-4349-b493-50b19329e127/300x300.jpg
Casino,34b890b9-aa50-4ee0-9a11-0416b5b4518a,MPX_3886561,Casino Châtaignes entières - 420g,11.9,28.33,"['Casino', 'Epicerie Salée']",Casino,True,False,false,1.0,YEAR,420g,[],https://courses.monoprix.fr/images-v3/0c44253f-c4a3-4340-9d37-d41e42b9d14a/f655a9c7-ccfd-42db-b193-77e700547d76/300x300.jpg
Casino,70e492e3-1bea-48e5-bb30-f5ebc3230c54,MPX_3871771,Casino Décaféiné - 10 Capsules Plastique - Intensité 4 - Café - 52g,3.25,62.5,"['Casino', 'Epicerie Sucrée']",Casino,True,False,false,2.0,MONTH,52g,[],https://courses.monoprix.fr/images-v3/0c44253f-c4a3-4340-9d37-d41e42b9d14a/315dc560-fd46-4987-9d5d-0b526a37a62d/300x300.jpg
Casino,b6ce73e9-25df-42e7-924b-9f26db537fbd,MPX_3943478,Casino Delices Sauce arrabbiata pimentée - 190g,3.95,20.79,"['Casino', 'Epicerie Salée']",Casino Délices,True,False,false,6.0,MONTH,0.19L,[],https://courses.monoprix.fr/images-v3/0c44253f-c4a3-4340-9d37-d41e42b9d14a/84fe5c1d-63cd-4531-8e5c-090624d073e6/300x300.jpg
Casino,2c364192-b325-4309-90fb-643abdf10629,MPX_3943530,Casino Pizza 4 fromages cuite au feux de bois 400g,4.15,10.38,"['Casino', 'Surgelés']",Casino,True,False,false,6.0,MONTH,400g,['Produit congelé'],https://courses.monoprix.fr/images-v3/0c44253f-c4a3-4340-9d37-d41e42b9d14a/81b51715-fa6a-49a7-bfdd-e12319be01ca/300x300.jpg
Casino,0dd01ac3-837b-46a4-905f-1906d146cce4,MPX_4202436,Club des Sommeliers Fitou Vin Rouge 12% AOP 75cl,5.79,7.72,"['Casino', 'Vins et Effervescents']",Club Des Sommeliers,True,False,false,,,75cl,[],https://courses.monoprix.fr/images-v3/0c44253f-c4a3-4340-9d37-d41e42b9d14a/382bddb4-b873-4432-ab17-6019ed0566d9/300x300.jpg
Casino,81d8941a-46f0-4f47-bbcf-949c1024ce2b,MPX_3871651,Casino Pur Arabica - Café Moulu - 2x250g,6.49,12.98,"['Casino', 'Epicerie Sucrée']",Casino,True,False,false,2.0,MONTH,2 x 250g,[],https://courses.monoprix.fr/images-v3/0c44253f-c4a3-4340-9d37-d41e42b9d14a/061efff0-57cc-430a-8ec7-687ed6a22f93/300x300.jpg
Casino,47f7b018-0d4c-4191-a913-533c4bcaa637,MPX_3939673,Casino Crevettes nordiques - Décortiquées cuites - Pandalus borealis - 180g,8.65,48.06,"['Casino', 'Surgelés']",Casino,True,False,false,6.0,MONTH,180g,['Produit congelé'],https://courses.monoprix.fr/images-v3/0c44253f-c4a3-4340-9d37-d41e42b9d14a/f5eebbe6-7598-407a-8e5a-31d00f4bc21e/300x300.jpg
Casino,0b30432f-de9d-45ab-b390-3b6a47cc993f,MPX_6566333,Casino Plus Terrines Bœuf Poulet & Thon Pour Chat Adulte 3X400G,2.49,2.07,"['Casino', 'Animaux']",Casino Animaplus,True,False,false,6.0,MONTH,3 x 400g,[],https://courses.monoprix.fr/images-v3/0c44253f-c4a3-4340-9d37-d41e42b9d14a/4649a18f-2263-4324-ab21-daea0e42921e/300x300.jpg
Casino,651e273e-318f-4b77-a43b-b3a7d267b28c,MPX_3943306,Bien pour vous - Cookies - Pépites de chocolat - Sans sucre - Gouter enfant - 125g,2.78,22.24,"['Casino', 'Epicerie Sucrée']",Casino Bien Pour Vous,True,False,false,2.0,MONTH,125g,[],https://courses.monoprix.fr/images-v3/0c44253f-c4a3-4340-9d37-d41e42b9d14a/5b5367ca-4902-471c-be42-ad4f393e5d97/300x300.jpg
Casino,6dde9eb8-7b04-4cbd-9331-72f3685af69b,MPX_3942365,Casino Wraps x6 - 370g,2.99,8.08,"['Produits du monde', 'Mexique - México', 'Tortilla et Wrap']",Casino,True,False,false,1.0,MONTH,370g,"['Produit végétarien', 'Produit vegan']",https://courses.monoprix.fr/images-v3/0c44253f-c4a3-4340-9d37-d41e42b9d14a/47f0f1a7-83f3-4106-9376-fa43e45ff4b1/300x300.jpg
Casino,ceb3dc91-34ff-4a04-b3ca-8666dd69d346,MPX_3872277,Casino Bio Sirop De Grenadine - Au Sucre De Canne - Biologique - 50Cl,3.17,6.34,"['Casino', 'Boissons']",Casino Bio,True,False,false,2.0,MONTH,50cl,['Produit bio'],https://courses.monoprix.fr/images-v3/0c44253f-c4a3-4340-9d37-d41e42b9d14a/71a74e6a-468b-44d5-8945-760fc3d7bff2/300x300.jpg
Casino,0ded475d-520e-431d-ae67-9c286dc63be5,MPX_3885734,Casino Steaks Hâchés - Pur Bœuf - 15% M.G. - X10 - 1Kg,11.9,11.9,"['Casino', 'Surgelés']",Casino,True,False,false,2.0,MONTH,1kg,['Produit congelé'],https://courses.monoprix.fr/images-v3/0c44253f-c4a3-4340-9d37-d41e42b9d14a/47e6f11e-ea75-424f-8663-ff0487d18df7/300x300.jpg
Casino,9965cfb1-66a4-4bcf-8e0b-ea2ef64e37b8,MPX_3942297,Casino Pavés de saumon Atlantique - 4x110g,16.5,37.5,"['Casino', 'Surgelés']",Casino,True,False,false,6.0,MONTH,440g,['Produit congelé'],https://courses.monoprix.fr/images-v3/0c44253f-c4a3-4340-9d37-d41e42b9d14a/1360de23-7269-4aac-888e-2cd13a3004d1/300x300.jpg
Casino,975bd00c-8472-4a38-9484-a177729d5991,MPX_3942185,Club Des Sommeliers Boisson à base de vin - Pamplemousse - Vin rosé - 75cl,2.89,3.85,"['Casino', 'Vins et Effervescents']",Club Des Sommeliers,True,False,false,2.0,MONTH,75cl,[],https://courses.monoprix.fr/images-v3/0c44253f-c4a3-4340-9d37-d41e42b9d14a/82e104c0-d63d-41df-b759-b9775f40c163/300x300.jpg
Casino,0e90a14c-a78b-4f56-bba3-df56f0c7b886,MPX_3886556,Casino Delices Tapenade Olives Noires - 90G,3.35,37.22,"['Casino', 'Epicerie Salée']",Casino Délices,True,False,false,1.0,DAY,90g,[],https://courses.monoprix.fr/images-v3/0c44253f-c4a3-4340-9d37-d41e42b9d14a/a4235fd2-b8ac-4ff8-93e9-005fb6208384/300x300.jpg
Casino,4122b2f7-7c52-42bc-945e-a4a9cc759731,MPX_3871779,Casino Vinaigre balsamique - 50cl,3.79,3.79,"['Casino', 'Epicerie Salée']",Casino,True,False,false,,,,[],https://courses.monoprix.fr/images-v3/0c44253f-c4a3-4340-9d37-d41e42b9d14a/7274bfff-098f-4054-9b71-3a5913591b53/300x300.jpg
Casino,4c8976aa-a531-481e-b01a-dec6a9cd2521,MPX_3942480,Casino Frange lave sols - Synthétique - x1,4.57,4.57,"['Casino', 'Entretien']",Casino,True,False,false,,,,[],https://courses.monoprix.fr/images-v3/0c44253f-c4a3-4340-9d37-d41e42b9d14a/0d566dcf-50dd-4af6-89cc-8efb248e8e37/300x300.jpg
Casino,84c03afd-7776-4c29-8eee-8630e38ada33,MPX_3941957,Club Des Sommeliers Bergerac vin rouge 3L,13.75,4.58,"['Casino', 'Vins et Effervescents']",Club Des Sommeliers,True,False,false,,,3L,[],https://courses.monoprix.fr/images-v3/0c44253f-c4a3-4340-9d37-d41e42b9d14a/24b36841-9142-4b23-82ec-1956ec5515c4/300x300.jpg
Casino,968f5f47-e91d-4bd8-9df1-7cfa21530111,MPX_3940370,Casino Saveurs D'Ailleurs Tortillas de blé - Galettes souples à garnir - Recette mexicaine - 320g,2.43,7.59,"['Casino', 'Epicerie Salée']",Casino Saveurs D'Ailleurs,True,False,false,1.0,MONTH,0.32kg,[],https://courses.monoprix.fr/images-v3/0c44253f-c4a3-4340-9d37-d41e42b9d14a/e64bf1b3-dd4f-4e6f-896d-5e4997a25928/300x300.jpg
Casino,5a40654d-d1b4-44d4-afdd-4d25de2f12aa,MPX_4055741,Casino Avenir Spray Dégraissant Cuisine 750ml,3.89,5.19,"['Casino', 'Entretien']",Casino Avenir,True,False,false,,,750ml,[],https://courses.monoprix.fr/images-v3/0c44253f-c4a3-4340-9d37-d41e42b9d14a/c24cef90-c15b-4cb8-a166-f6237d490872/300x300.jpg
Casino,50161e82-8872-4bb6-ac65-948838700437,MPX_3941489,Casino Delices Thon dégustation - Au poivre vert et citron - 160g,5.15,49.52,"['Casino', 'Epicerie Salée']",Casino Délices,True,False,false,1.0,DAY,104g,[],https://courses.monoprix.fr/images-v3/0c44253f-c4a3-4340-9d37-d41e42b9d14a/2849b1e2-07e3-4708-8a80-4fbbbfccca91/300x300.jpg
Casino,8cfbb905-6c2c-4704-9c5e-462f1623d739,MPX_3940454,Club Des Sommeliers Blaye Côtes de Bordeaux Vin rouge 3l,14.55,4.85,"['Casino', 'Vins et Effervescents']",Club Des Sommeliers,True,False,false,,,3L,[],https://courses.monoprix.fr/images-v3/0c44253f-c4a3-4340-9d37-d41e42b9d14a/b08ebe79-b669-4f68-a627-5ef2521b526d/300x300.jpg
Casino,5addc1bd-db8e-44bd-87a6-c21d5828d8a1,MPX_3871903,Casino Farine de blé - 1kg,1.29,1.29,"['Casino', 'Epicerie Salée']",Casino,True,False,false,2.0,MONTH,1kg,[],https://courses.monoprix.fr/images-v3/0c44253f-c4a3-4340-9d37-d41e42b9d14a/030c8d6d-2815-4603-a672-b7c0c99ca8fa/300x300.jpg
Casino,67010501-72bd-4662-b533-071e47497a3f,MPX_3939583,Casino Delices Mousse au chocolat noir - 2 pots - 2x90g,3.29,18.28,"['Casino', 'Epicerie Sucrée']",Casino Délices,True,False,false,1.0,WEEK,0.18kg,[],https://courses.monoprix.fr/images-v3/0c44253f-c4a3-4340-9d37-d41e42b9d14a/6d0e4863-69a2-4c12-a2cd-71e9fe7ffd1b/300x300.jpg
Charcuterie et Traiteur,edbb4562-dea0-439d-a4ac-0faa523cdc5e,MPX_4079072,Fleury Michon  Le Supérieur Jambon -25% Sel Sans Nitrite X6,5.59,26.62,"['Charcuterie et Traiteur', 'Charcuterie', 'Jambon blanc']",Fleury Michon,True,False,false,1.0,WEEK,210g,[],https://courses.monoprix.fr/images-v3/0c44253f-c4a3-4340-9d37-d41e42b9d14a/3066ff8d-b0f2-4b05-b05a-446668159651/300x300.jpg
Charcuterie et Traiteur,965a3b14-c4dd-43f8-a918-23c9518505d4,MPX_2456284,"Auvernou Mini Sticks Saucisson Sec Nature x10, 100g",3.65,36.5,"['Charcuterie et Traiteur', 'Charcuterie', 'Saucisson sec et Chorizo', 'Saucisson sec']",AUVERNOU,True,False,false,4.0,WEEK,100g,[],https://courses.monoprix.fr/images-v3/0c44253f-c4a3-4340-9d37-d41e42b9d14a/96642262-95fb-4551-b20a-41fbf582de03/300x300.jpg
Charcuterie et Traiteur,ebcda2af-33d2-4a7b-b6f7-148b0393360f,MPX_2560383,Monoprix Gourmet Bresaola Viande de Boeuf Séchée. I.G.P. 80g,6.65,83.13,"['Nos sélections', 'Inspiration du moment', 'Sélection Charcuterie et Fromage']",Monoprix Gourmet,True,False,false,2.0,WEEK,80g,[],https://courses.monoprix.fr/images-v3/0c44253f-c4a3-4340-9d37-d41e42b9d14a/5f6548cc-2c4a-4858-a553-d0f9de684b8a/300x300.jpg
Charcuterie et Traiteur,980a2a67-036c-4e9d-811d-ef9cf34076e8,MPX_3046976,Atelier Blini Houmous Bio 160G,4.49,28.06,"['Epicerie Salée', 'Produit apéritif', 'Tartinable et Produit de la Mer', 'Houmous et Tarama']",Atelier Blini,True,False,false,6.0,DAY,160g,['Produit bio'],https://courses.monoprix.fr/images-v3/0c44253f-c4a3-4340-9d37-d41e42b9d14a/a06fb829-04b3-4258-8e98-14f84b53738e/300x300.jpg
Charcuterie et Traiteur,a1329a8b-f738-4d2b-9428-ba4665597117,MPX_1921548,Bonduelle taboulé à la menthe douce 300g,2.09,6.97,"['Charcuterie et Traiteur', 'Salade et Sandwich', 'Crudités']",Bonduelle,True,False,false,4.0,DAY,300g,"['Produit végétarien', 'Produit vegan']",https://courses.monoprix.fr/images-v3/0c44253f-c4a3-4340-9d37-d41e42b9d14a/cefdeec7-ae88-4408-b849-33b036a51aab/300x300.jpg
Charcuterie et Traiteur,794b7d2e-0acf-4929-a8c9-f61cafe05935,MPX_4210630,Monoprix Gourmet Jambon Cuit À L’Os En Tranches 120g,3.85,32.08,"['Mes marques Monoprix', 'Monoprix Gourmet', 'Produits frais', 'Charcuterie à la coupe']",Monprix Gourmet,True,False,false,6.0,DAY,120g,[],https://courses.monoprix.fr/images-v3/0c44253f-c4a3-4340-9d37-d41e42b9d14a/eef69279-7a4c-4ecb-8a27-57a5b8c9db5e/300x300.jpg
Charcuterie et Traiteur,70f249b2-6165-4ff7-b709-135256d6a7bf,MPX_145069,Blini Tarama aux œufs de cabillaud 100g,1.59,15.9,"['Epicerie Salée', 'Produit apéritif', 'Tartinable et Produit de la Mer', 'Houmous et Tarama']",Blini,True,False,false,1.0,WEEK,100g,[],https://courses.monoprix.fr/images-v3/0c44253f-c4a3-4340-9d37-d41e42b9d14a/8fe9fe58-e803-4bfc-9f95-cff6e3cbf837/300x300.jpg
Charcuterie et Traiteur,08906b9c-a096-43e3-936c-018b1a847ef1,MPX_6602104,Herta trésor de grand-mère pâte feuilletée pur beurre 280g,2.99,10.68,"['Promotions', 'Les promos à ne pas manquer', 'Le 2ème à moins 50%']",Herta,True,False,false,6.0,DAY,280g,[],https://courses.monoprix.fr/images-v3/0c44253f-c4a3-4340-9d37-d41e42b9d14a/b071bd2a-0f54-43d7-ae9e-131debe1572b/300x300.jpg
Charcuterie et Traiteur,ef157d43-5c60-4e4f-b964-b5c009771123,MPX_3537828,L'Atelier Blini Olives Vertes Et Noires Ail & Herbes De Provence Bio 150G,4.59,30.6,"['Fruits & Légumes', 'Prêts à consommer', 'Olives et Tapenades']",Atelier Blini,True,False,false,2.0,WEEK,150g,['Produit bio'],https://courses.monoprix.fr/images-v3/0c44253f-c4a3-4340-9d37-d41e42b9d14a/8111c1ef-aa0d-4dfb-9419-94deb5ff54da/300x300.jpg
Charcuterie et Traiteur,41e4b0d2-2b3e-44a4-bb43-e8d5bb252a61,MPX_2507955,Monoprix Gourmet Jambon Au Torchon 120G,3.69,30.75,"['Mes marques Monoprix', 'Monoprix Gourmet', 'Produits frais', 'Charcuterie à la coupe']",Monoprix Gourmet,True,False,false,1.0,WEEK,120g,[],https://courses.monoprix.fr/images-v3/0c44253f-c4a3-4340-9d37-d41e42b9d14a/624ec480-2774-4593-ba8d-cd18587a0c2f/300x300.jpg
Charcuterie et Traiteur,8cd2b1d1-f07d-497a-a2dd-f56d19422d95,MPX_2739709,Fleury Michon Paëlla Valenciana 400g,5.49,13.73,"['Charcuterie et Traiteur', 'Pause Déjeuner', 'Plats cuisinés', 'Plats classiques']",Fleury michon,True,False,false,1.0,WEEK,400g,[],https://courses.monoprix.fr/images-v3/0c44253f-c4a3-4340-9d37-d41e42b9d14a/5e72a812-a6be-42e9-a642-7943c0d2348a/300x300.jpg
Charcuterie et Traiteur,7eae4945-5953-46ee-919b-810bd8d395d8,MPX_1688044,Herta allumettes de bacon 200g,2.84,14.2,"['Charcuterie et Traiteur', 'Charcuterie', 'Lardons, Dés et Poitrine', 'Lardon et Allumette']",Herta,True,False,false,1.0,WEEK,200g,[],https://courses.monoprix.fr/images-v3/0c44253f-c4a3-4340-9d37-d41e42b9d14a/4e81400c-1c66-406c-85b3-53c7925704c6/300x300.jpg
Charcuterie et Traiteur,13a05f8b-9098-4e64-92a9-f3c5e82b8f65,MPX_2725024,Bonduelle taboulé au poulet rôti 300g,2.95,9.83,"['Charcuterie et Traiteur', 'Salade et Sandwich', 'Crudités']",Bonduelle,True,False,false,4.0,DAY,300g,[],https://courses.monoprix.fr/images-v3/0c44253f-c4a3-4340-9d37-d41e42b9d14a/b3b9f021-ca01-46f5-bad3-d882e4830a1d/300x300.jpg
Charcuterie et Traiteur,4ef9d3e1-48a9-4c7f-a564-89ef6cca89c9,MPX_2838415,Fleury Michon Filet De Poulet Pommes De Terre À La Sarladaise 300G,4.69,15.63,"['Charcuterie et Traiteur', 'Pause Déjeuner', 'Plats cuisinés', 'Plats classiques']",Fleury Michon,True,False,false,1.0,WEEK,300g,[],https://courses.monoprix.fr/images-v3/0c44253f-c4a3-4340-9d37-d41e42b9d14a/4e4e63ed-fa0a-4a61-b978-e407b612fc50/300x300.jpg
Charcuterie et Traiteur,9a5f489a-a8c2-46ca-88a0-ceedf0c940e7,MPX_3167867,L'Atelier Blini Olives Vertes Dénoyautées au Basilic Bio 150g,4.49,29.93,"['Fruits & Légumes', 'Prêts à consommer', 'Olives et Tapenades']",Atelier blini,True,False,false,2.0,WEEK,150g,['Produit bio'],https://courses.monoprix.fr/images-v3/0c44253f-c4a3-4340-9d37-d41e42b9d14a/bf81f532-f36e-4fe8-870c-7efc19923b5b/300x300.jpg
Charcuterie et Traiteur,d9003a12-d072-43fd-abcf-3297d82b90a5,MPX_1117961,Fleury Michon Filet de Saumon Purée de Brocolis 300g,5.19,17.3,"['Charcuterie et Traiteur', 'Pause Déjeuner', 'Plats cuisinés', 'Plats classiques']",Fleury michon,True,False,false,1.0,WEEK,300g,[],https://courses.monoprix.fr/images-v3/0c44253f-c4a3-4340-9d37-d41e42b9d14a/1c13120d-55e7-4108-9d24-ebda3742afd6/300x300.jpg
Charcuterie et Traiteur,352ca61a-32cc-4b13-a5e7-fc20b9a2d464,MPX_2849654,Atelier blini tzatziki le pot de 200 g,2.85,14.25,"['Epicerie Salée', 'Produit apéritif', 'Tartinable et Produit de la Mer', 'Tapenade et Autre Tartinable']",Blini,True,False,false,1.0,WEEK,200g,[],https://courses.monoprix.fr/images-v3/0c44253f-c4a3-4340-9d37-d41e42b9d14a/bef2e6ac-c734-4fdd-85fc-afa809697e27/300x300.jpg
Charcuterie et Traiteur,1a56face-8c41-4619-98c6-c98e5a2421a4,MPX_3167866,Atelier Blini Olives Bio Ail et Origan 150g,4.59,30.6,"['Epicerie Salée', 'Produit apéritif', 'Olive et Légume mariné', 'Olive verte']",Atelier Blini,True,False,false,2.0,WEEK,150g,['Produit bio'],https://courses.monoprix.fr/images-v3/0c44253f-c4a3-4340-9d37-d41e42b9d14a/da752ab8-44c5-4852-9282-6a917484660e/300x300.jpg
Charcuterie et Traiteur,ec9c4952-176b-41ca-8b4d-11378af383bd,MPX_6602105,Herta Trésor de Grand-Mère Pâte Brisée pur beurre 280g,2.99,10.68,"['Promotions', 'Les promos à ne pas manquer', 'Le 2ème à moins 50%']",HERTA,True,False,false,6.0,DAY,280g,[],https://courses.monoprix.fr/images-v3/0c44253f-c4a3-4340-9d37-d41e42b9d14a/2936c264-b123-4a88-943b-0f5bde585ca0/300x300.jpg
Charcuterie et Traiteur,e86ed578-c716-42f9-b7a0-f868529227b6,MPX_2787278,Bonduelle piémontaise au poulet rôti 320g,3.39,10.59,"['Charcuterie et Traiteur', 'Salade et Sandwich', 'Crudités']",Bonduelle,True,False,false,4.0,DAY,320g,[],https://courses.monoprix.fr/images-v3/0c44253f-c4a3-4340-9d37-d41e42b9d14a/8dff1022-ebea-45bd-9976-b64e98458214/300x300.jpg
Charcuterie et Traiteur,b2802aef-c1b0-499d-ad17-24ce11dc3951,MPX_4123772,Fleury Michon Simplement Bon Jambon Sans Couenne x 4 tranches,3.09,19.31,"['Charcuterie et Traiteur', 'Charcuterie', 'Jambon blanc']",Fleury michon,True,False,false,1.0,WEEK,160g,[],https://courses.monoprix.fr/images-v3/0c44253f-c4a3-4340-9d37-d41e42b9d14a/7ef929d9-aab2-4ccc-95d7-360855400bdb/300x300.jpg
Charcuterie et Traiteur,618fffdb-4df0-4903-8914-80dc91dd709d,MPX_3330711,Lunor Carottes lamelles 280g,2.49,8.89,"['Fruits & Légumes', 'Prêts à consommer', 'Crudités']",Fraîchement Cuit ,True,False,false,3.0,WEEK,280g,"['Produit végétarien', 'Produit vegan']",https://courses.monoprix.fr/images-v3/0c44253f-c4a3-4340-9d37-d41e42b9d14a/7f3fb6db-2229-42da-9c4e-65b5bfd68053/300x300.jpg
Charcuterie et Traiteur,d14f1226-8846-41df-ad26-0a806523e4bb,MPX_3526157,Aoste Jambon Serrano Cru fines et fondantes 100g,4.49,44.9,"['Charcuterie et Traiteur', 'Charcuterie', 'Jambon cru']",Aoste,True,False,false,4.0,WEEK,100g,[],https://courses.monoprix.fr/images-v3/0c44253f-c4a3-4340-9d37-d41e42b9d14a/90ff20d7-5a08-48df-a1af-64fad829d9de/300x300.jpg
Charcuterie et Traiteur,ecc16f45-c6ad-45ac-86b7-777899927344,MPX_3524162,Marie MERLU BLANC COMPOTEE A LA PROVENCALE 300g,6.29,20.97,"['Charcuterie et Traiteur', 'Pause Déjeuner', 'Plats cuisinés', 'Plats classiques']",MARIE,True,False,false,1.0,WEEK,300g,[],https://courses.monoprix.fr/images-v3/0c44253f-c4a3-4340-9d37-d41e42b9d14a/03a0ea59-a6de-47c0-b3c6-11420b9583df/300x300.jpg
Charcuterie et Traiteur,0935be9d-7422-42b2-bbf2-b1eb969d4db4,MPX_1526006,Blini Houmous 200g,2.69,13.45,"['Epicerie Salée', 'Produit apéritif', 'Tartinable et Produit de la Mer', 'Houmous et Tarama']",Blini,True,False,false,1.0,WEEK,200g,[],https://courses.monoprix.fr/images-v3/0c44253f-c4a3-4340-9d37-d41e42b9d14a/311c90e6-ebf4-4f11-974b-d0c7efb4e04c/300x300.jpg
Charcuterie et Traiteur,c8a627bf-e07f-4787-ae31-0d97f4037a3d,MPX_1582858,Aoste jambon cru fines et fondantes 100g,4.39,43.9,"['Charcuterie et Traiteur', 'Charcuterie', 'Jambon cru']",Aoste,True,False,false,4.0,WEEK,100g,[],https://courses.monoprix.fr/images-v3/0c44253f-c4a3-4340-9d37-d41e42b9d14a/3d0a5dd6-4acb-4ed7-9b7f-ac109976162e/300x300.jpg
Charcuterie et Traiteur,ddf4bbad-1867-4256-a5c7-fe6b0fff5df9,MPX_6672346,Blini Tzatziki 100g,0.99,9.9,"['Noël', 'Promos de Noël', ""Promos repas festif,\xa0jusqu'à 50% sur le 2ème sur une sélection festive""]",Blini,True,False,false,1.0,WEEK,100g,['Produit végétarien'],https://courses.monoprix.fr/images-v3/0c44253f-c4a3-4340-9d37-d41e42b9d14a/8cd84ee0-b97a-4e84-a69b-244fe3322004/300x300.jpg
Charcuterie et Traiteur,a18e880c-538b-44a6-9684-12039b10262f,MPX_1715378,Monoprix Gourmet Foie Gras De Canard Entier 40g,5.49,137.25,"['Charcuterie et Traiteur', 'Charcuterie', 'Pâté, Rillette et Foie gras', 'Foie gras']",Monoprix Gourmet,True,False,false,2.0,WEEK,40g,[],https://courses.monoprix.fr/images-v3/0c44253f-c4a3-4340-9d37-d41e42b9d14a/9d80b3f5-7cee-46d6-9448-2cda59b2c961/300x300.jpg
Charcuterie et Traiteur,56a685be-4e5b-4431-b483-cc2b32aca3c8,MPX_3267553,Marie FONDANT DE BŒUF ET ÉCRASÉ DE POMMES DE TERRE,6.59,21.97,"['Charcuterie et Traiteur', 'Pause Déjeuner', 'Plats cuisinés', 'Plats classiques']",MARIE,True,False,false,1.0,WEEK,300g,[],https://courses.monoprix.fr/images-v3/0c44253f-c4a3-4340-9d37-d41e42b9d14a/6aeca9da-cf32-4cf3-aed5-1bc2b08ee452/300x300.jpg
Charcuterie et Traiteur,54887ec3-58dd-4594-aaf0-1bee3295df99,MPX_3070330,Atelier Blini Tzatzíki Bio 160G,4.85,30.31,"['Epicerie Salée', 'Produit apéritif', 'Tartinable et Produit de la Mer', 'Tapenade et Autre Tartinable']",Atelier blini,True,False,false,1.0,WEEK,160g,['Produit bio'],https://courses.monoprix.fr/images-v3/0c44253f-c4a3-4340-9d37-d41e42b9d14a/f81bf640-b0f7-407e-92f2-22786dcf4dce/300x300.jpg
Charcuterie et Traiteur,7f5e723b-ff8c-42dd-aa0e-49649d1b6efa,MPX_3599267,Monoprix Jambon Cuit 4 Tranches Sans Couenne 160g,2.19,13.69,"['Charcuterie et Traiteur', 'Charcuterie', 'Jambon blanc']",Monoprix,True,False,false,1.0,WEEK,160g,[],https://courses.monoprix.fr/images-v3/0c44253f-c4a3-4340-9d37-d41e42b9d14a/d247857f-3113-44d6-bcdc-a19bfe565b6f/300x300.jpg
Charcuterie et Traiteur,21f2fb84-fce8-4a6d-b643-a57fac952cc7,MPX_1921543,Monoprix Bio Galettes de Blé noir 200g,3.49,17.45,"['Nos sélections', 'Inspiration du moment', '& Frigo vide', 'Traiteur']",Monoprix Bio,True,False,false,6.0,DAY,200g,['Produit bio'],https://courses.monoprix.fr/images-v3/0c44253f-c4a3-4340-9d37-d41e42b9d14a/fdec67db-dd68-4cb1-851b-83800349e585/300x300.jpg
Charcuterie et Traiteur,beb442a0-ff90-450b-80cf-578be72431f0,MPX_1247425,Monoprix Pâte feuilletée prête à dérouler 230g,0.75,3.26,"['Nos sélections', 'Inspiration du moment', '& Frigo vide', 'Traiteur']",Monoprix,True,False,false,1.0,WEEK,230g,[],https://courses.monoprix.fr/images-v3/0c44253f-c4a3-4340-9d37-d41e42b9d14a/1b069a8d-6b2f-4fbb-9c39-88ef89b5bc96/300x300.jpg
Charcuterie et Traiteur,66ee4f79-f377-45c6-acf6-ff7d70dbbc55,MPX_1990979,Monoprix Lardons Fumés Qualité Supérieure 200g,1.69,8.45,"['Charcuterie et Traiteur', 'Charcuterie', 'Lardons, Dés et Poitrine', 'Lardon et Allumette']",Monoprix,True,False,false,2.0,WEEK,200g,[],https://courses.monoprix.fr/images-v3/0c44253f-c4a3-4340-9d37-d41e42b9d14a/189b149d-5974-448c-8ba3-e1badb30a14b/300x300.jpg
Charcuterie et Traiteur,475b956a-9379-4099-8d23-2d162b5a37b7,MPX_4079071,Fleury Michon Le Supérieur Jambon -25% Sel Sans Nitrite X4,4.09,29.21,"['Charcuterie et Traiteur', 'Charcuterie', 'Jambon blanc']",Fleury michon,True,False,false,1.0,WEEK,140g,[],https://courses.monoprix.fr/images-v3/0c44253f-c4a3-4340-9d37-d41e42b9d14a/7a4335de-8d24-421e-b9a6-983b6cfc398f/300x300.jpg
Charcuterie et Traiteur,55f0b6b6-101a-420b-8f02-2c3a35f00e21,MPX_4260968,Herta Lardons Fumés sans nitrite 2 x 75g,2.55,17.0,"['Charcuterie et Traiteur', 'Charcuterie', 'Lardons, Dés et Poitrine', 'Lardon et Allumette']",Herta,True,False,false,1.0,WEEK,2 x 75g,[],https://courses.monoprix.fr/images-v3/0c44253f-c4a3-4340-9d37-d41e42b9d14a/16196059-6a89-46c7-b9ab-dbf1e64e31c4/300x300.jpg
Charcuterie et Traiteur,558d4719-3107-491f-990d-f313a25b64f0,MPX_4079070,Fleury Michon Le Supérieur Jambon -25% Sel Sans Nitrite x2,2.39,34.14,"['Charcuterie et Traiteur', 'Charcuterie', 'Jambon blanc']",Fleury michon,True,False,false,1.0,WEEK,70g,[],https://courses.monoprix.fr/images-v3/0c44253f-c4a3-4340-9d37-d41e42b9d14a/31bae6ab-ba44-4d6b-b280-aac093666655/300x300.jpg
Charcuterie et Traiteur,242a687e-936f-47ab-8645-1d7c067d9f1c,MPX_886383,Monoprix Gourmet Ravioles du Dauphiné 240g,3.65,15.21,"['Nos sélections', 'Inspiration du moment', '& Frigo vide', 'Traiteur']",Monoprix Gourmet,True,False,false,1.0,WEEK,240g,[],https://courses.monoprix.fr/images-v3/0c44253f-c4a3-4340-9d37-d41e42b9d14a/4778c32b-93f3-4c5a-aae7-0cfa9672172b/300x300.jpg
Charcuterie et Traiteur,b150aa66-ea32-41bc-a1a4-f176289da79c,MPX_1247424,Monoprix Pâte brisée prête à dérouler 230g,0.75,3.26,"['Mes marques Monoprix', 'Monoprix', 'Produits Frais', 'Traiteur']",Monoprix,True,False,false,1.0,WEEK,230g,[],https://courses.monoprix.fr/images-v3/0c44253f-c4a3-4340-9d37-d41e42b9d14a/2cdd8426-d490-464d-a5c6-b0c302dabb29/300x300.jpg
Charcuterie et Traiteur,ab0eaebb-3d8a-43f5-b49c-90cb7bbd731f,MPX_3599268,Monoprix Jambon Cuit 6 Tranches Sans Couenne,3.25,13.54,"['Charcuterie et Traiteur', 'Charcuterie', 'Jambon blanc']",Monoprix,True,False,false,1.0,WEEK,240g,[],https://courses.monoprix.fr/images-v3/0c44253f-c4a3-4340-9d37-d41e42b9d14a/071e6440-bda0-4552-8105-07b6d9d78be2/300x300.jpg
Charcuterie et Traiteur,65077c6f-ff5b-405e-839e-3d3f0286cf20,MPX_2336249,L'atelier Blini Olives à la Méditerranéenne Ail & Fines Herbes 150g,3.79,25.27,"['Fruits & Légumes', 'Prêts à consommer', 'Olives et Tapenades']",Atelier Blini,True,False,false,2.0,WEEK,150g,[],https://courses.monoprix.fr/images-v3/0c44253f-c4a3-4340-9d37-d41e42b9d14a/a640261a-2ba3-40e6-aac5-5f89bb5486f8/300x300.jpg
Charcuterie et Traiteur,fb465fe8-b70d-4297-b9a0-b8f2b2b29a80,MPX_1240284,Monoprix Boudin noir aux oignons 250g,3.19,12.76,"['Charcuterie et Traiteur', 'Charcuterie', 'Knack, Saucisse et Boudin', 'Boudin et Andouillette']",Monoprix,True,False,false,6.0,DAY,250g,[],https://courses.monoprix.fr/images-v3/0c44253f-c4a3-4340-9d37-d41e42b9d14a/5cfe5449-e1db-4581-b0bc-ea9f786afb18/300x300.jpg
Charcuterie et Traiteur,b0462c7c-12ee-49e2-a211-bcebe4b4902a,MPX_4096959,Sodebo Pasta Box Fusilli à la bolognaise VBF 330g,3.99,12.09,"['Charcuterie et Traiteur', 'Pause Déjeuner', 'Plats cuisinés', 'Box']",Sodebo,True,False,false,1.0,WEEK,330g,[],https://courses.monoprix.fr/images-v3/0c44253f-c4a3-4340-9d37-d41e42b9d14a/8f725332-b590-4520-b1a8-3e69681e0cbb/300x300.jpg
Charcuterie et Traiteur,af2e5db8-bbba-44d8-a873-4cc58ae621c0,MPX_2740988,Croustipate Pâte feuilletée sans gluten 280g,3.69,13.18,"['Régimes alimentaires', 'Sans gluten', 'Repas sans gluten']",Croustipate,True,False,false,1.0,WEEK,280g,[],https://courses.monoprix.fr/images-v3/0c44253f-c4a3-4340-9d37-d41e42b9d14a/94c4a7a2-eef5-477b-a71f-8af4eb11bb3f/300x300.jpg
Charcuterie et Traiteur,c22c0f26-1c84-496f-b8ce-52edef91185e,MPX_2467983,Atelier Blini Guacamole 175 G,4.69,26.8,"['Epicerie Salée', 'Produit apéritif', 'Tartinable et Produit de la Mer', 'Tapenade et Autre Tartinable']",ATELIER BLINI,True,False,false,1.0,WEEK,175g,[],https://courses.monoprix.fr/images-v3/0c44253f-c4a3-4340-9d37-d41e42b9d14a/47553189-93a8-48a3-af4f-38abd8e6134d/300x300.jpg
Charcuterie et Traiteur,53e357fb-c55a-4fd1-8880-d6c8f3f2c64e,MPX_1237652,Monoprix blanc de dinde de qualité supérieure 160g,2.19,13.69,"['Charcuterie et Traiteur', 'Charcuterie', 'Charcuterie de volaille', 'Blanc de volaille']",Monoprix,True,False,false,1.0,WEEK,160g,[],https://courses.monoprix.fr/images-v3/0c44253f-c4a3-4340-9d37-d41e42b9d14a/94e0cd50-d2b9-47c0-b990-c71abd8bd190/300x300.jpg
Charcuterie et Traiteur,5e511adb-7ce4-485e-9dd8-db9b8b2df26e,MPX_2158187,Monoprix Gourmet Saucisse de Morteau fumée et cuite 250g,8.59,34.36,"['Nos régions de France', 'Bourgogne Franche Comté', 'Franche Comté']",Monoprix Gourmet,True,False,false,2.0,WEEK,250g,[],https://courses.monoprix.fr/images-v3/0c44253f-c4a3-4340-9d37-d41e42b9d14a/9e99e6ed-cbd6-491a-8e86-5ac60f89247a/300x300.jpg
Charcuterie et Traiteur,2b06e4ba-5156-46cb-87ba-f41c682ac3f0,MPX_2424847,Monoprix Tarte Aux Poireaux Avec Pâte Pur Beurre 350G,2.68,7.66,"['Nos sélections', 'Inspiration du moment', '& Frigo vide', 'Traiteur']",Monoprix,True,False,false,1.0,WEEK,350g,[],https://courses.monoprix.fr/images-v3/0c44253f-c4a3-4340-9d37-d41e42b9d14a/367b5d99-15dc-4c3e-b7d9-40477dabc4c3/300x300.jpg
Charcuterie et Traiteur,02400185-a52e-4644-ba03-bcb32b8ace96,MPX_3873217,Monoprix Pâte à Pizza Epaisse Rectangulaire 500g,2.69,5.38,"['Nos recettes', 'Recettes du Monde', '& Pizza Chorizo Mozzarella Roquette']",Monoprix,True,False,false,1.0,WEEK,500g,[],https://courses.monoprix.fr/images-v3/0c44253f-c4a3-4340-9d37-d41e42b9d14a/5782d6b9-4b5f-45b8-a49e-14ed68aa70a0/300x300.jpg
Charcuterie et Traiteur,50dd11c4-c013-43b4-a94e-6604449c5b3e,MPX_159017,Stoeffler Saucisse Francfort x6 240g,3.79,15.79,"['Nos régions de France', 'Grand Est', 'Alsace']",Stoeffler,True,False,false,1.0,WEEK,240g,[],https://courses.monoprix.fr/images-v3/0c44253f-c4a3-4340-9d37-d41e42b9d14a/974e99c2-c3a1-4bab-8eb4-a96fedf9657b/300x300.jpg
Charcuterie et Traiteur,3d677416-bf61-4be7-ac0a-cf64eed49913,MPX_3647182,Fleury Michon Parmentier de Saumon Aux Épinards 300g,5.89,19.63,"['Charcuterie et Traiteur', 'Pause Déjeuner', 'Plats cuisinés', 'Plats classiques']",Fleury michon,True,False,false,1.0,WEEK,300g,[],https://courses.monoprix.fr/images-v3/0c44253f-c4a3-4340-9d37-d41e42b9d14a/41ae0604-1943-474e-82e3-3315f6d5f783/300x300.jpg
Charcuterie et Traiteur,c9d65e2f-b571-4322-91dd-b19c344e7d09,MPX_2587595,Justin Bridou Mini Bâton De Berger Nature 100g,3.15,31.5,"['Charcuterie et Traiteur', 'Charcuterie', 'Saucisson sec et Chorizo', 'Mini format']",Justin bridou,True,False,false,3.0,WEEK,100g,[],https://courses.monoprix.fr/images-v3/0c44253f-c4a3-4340-9d37-d41e42b9d14a/5452deb5-02fd-4302-801b-fdd6758e2cd8/300x300.jpg
Charcuterie et Traiteur,6ef02d67-8b07-440a-8440-f57c37855a5c,MPX_1470445,Fleury Michon Le Tranché Fin Jambon à l'Italienne x4 120g,3.45,28.75,"['Charcuterie et Traiteur', 'Charcuterie', 'Jambon blanc']",FLEURY MICHON,True,False,false,1.0,WEEK,120g,[],https://courses.monoprix.fr/images-v3/0c44253f-c4a3-4340-9d37-d41e42b9d14a/14eea1cf-207e-41a8-b015-1faf39ce6adf/300x300.jpg
Charcuterie et Traiteur,0fa09f4f-428c-4773-b3f7-fc0d28b0e46d,MPX_3306633,Monoprix 8 Crêpes Nature 280g,2.99,10.68,"['Mes marques Monoprix', 'Monoprix', 'Produits Frais', 'Traiteur']",Monoprix,True,False,false,1.0,WEEK,280g,[],https://courses.monoprix.fr/images-v3/0c44253f-c4a3-4340-9d37-d41e42b9d14a/2e0e0328-d89c-4651-92e6-004a5bae9a05/300x300.jpg
Charcuterie et Traiteur,5adf1502-cd18-45ce-8697-1b3094adf157,MPX_3177046,Tallec Jambon À L'Ancienne Cuit Au Torchon 2 Tranches,4.74,39.5,"['Nos sélections', 'Inspiration du moment', '& Le Coin du marché', 'Charcuterie']",Tallec,True,False,false,1.0,WEEK,120,[],https://courses.monoprix.fr/images-v3/0c44253f-c4a3-4340-9d37-d41e42b9d14a/aac29171-a95f-459e-beef-a26cecec09af/300x300.jpg
Charcuterie et Traiteur,8ef60c0b-3ada-4e1e-8eb0-41e106fe9782,MPX_811173,Giraudet Pot De Sauce Nantua Aux Écrevisses Maison 250G,3.79,15.16,"['Nos régions de France', 'Auvergne Rhône Alpes', 'Crozets, ravioles, quenelles et pâtes']",Giraudet,True,False,false,1.0,WEEK,250g,[],https://courses.monoprix.fr/images-v3/0c44253f-c4a3-4340-9d37-d41e42b9d14a/39bb3e4b-4f27-478a-bb28-d474bd6db934/300x300.jpg
Charcuterie et Traiteur,e10eeef7-7434-41aa-b2d0-727b29a3080b,MPX_889372,Citterio Viande de boeuf Bresaloa della valtellina 70g,4.99,71.29,"['Produits du monde', 'Italie - Italia', 'Mortadelle, Saucisson et Jambon cru']",CITTERIO FRANCE,True,False,false,2.0,WEEK,70g,[],https://courses.monoprix.fr/images-v3/0c44253f-c4a3-4340-9d37-d41e42b9d14a/03fac60a-448b-469a-8c00-a222f665cef3/300x300.jpg
Charcuterie et Traiteur,a7b05fc5-682a-4d2a-abbd-bf90283c13e2,MPX_1934238,Marie Saucisse de Toulouse grillée et purée au beurre 290g,5.39,18.59,"['Charcuterie et Traiteur', 'Pause Déjeuner', 'Plats cuisinés', 'Plats classiques']",MARIE,True,False,false,1.0,WEEK,290g,[],https://courses.monoprix.fr/images-v3/0c44253f-c4a3-4340-9d37-d41e42b9d14a/09edbfba-c652-4b2c-b626-dd7bab9b840a/300x300.jpg
Charcuterie et Traiteur,62ad3351-4aca-47d9-adc0-4d2d13ea7e62,MPX_1860597,Monoprix Ravioli Jambon Fromage aux Œufs Frais 300g,1.99,6.63,"['Mes marques Monoprix', 'Monoprix', 'Produits Frais', 'Traiteur']",Monoprix,True,False,false,2.0,WEEK,300g,[],https://courses.monoprix.fr/images-v3/0c44253f-c4a3-4340-9d37-d41e42b9d14a/66384cd8-0270-427f-a651-82bfc5e18d7e/300x300.jpg
Charcuterie et Traiteur,0380b3d7-eac0-40b2-ae0e-1588f6d2a27e,MPX_2385637,Monoprix Tartes aux Fromages Pâte Pur Beurre x2 260g,2.49,9.58,"['Charcuterie et Traiteur', 'Pizza, Quiche et Tarte', 'Quiche et Tarte']",Monoprix,True,False,false,1.0,WEEK,260g,[],https://courses.monoprix.fr/images-v3/0c44253f-c4a3-4340-9d37-d41e42b9d14a/354349e0-3786-4da2-ac09-db53d26940f4/300x300.jpg
Charcuterie et Traiteur,270f77f4-f46b-4f24-abb4-383e7bb1dfe9,MPX_2712012,Lustucru Pâtes Fraîches Gnocchi à Poêler Jambon Fromage 280g,3.49,12.46,"['Charcuterie et Traiteur', 'Pâte fraîche, Gnocchi et Quenelle', 'Gnocchi']",Lustucru,True,False,false,1.0,WEEK,280g,[],https://courses.monoprix.fr/images-v3/0c44253f-c4a3-4340-9d37-d41e42b9d14a/00e636e1-9a2e-455b-83e2-4b9c8ea2ea73/300x300.jpg
Charcuterie et Traiteur,8e50a2ac-530e-4696-af48-f9137fda7ef8,MPX_2506934,Monoprix Gourmet Jambon Serrano Affiné 16 Mois Minimum 80G,3.95,49.38,"['Nos sélections', 'Inspiration du moment', 'Sélection Charcuterie et Fromage']",Monoprix Gourmet,True,False,false,2.0,MONTH,80g,[],https://courses.monoprix.fr/images-v3/0c44253f-c4a3-4340-9d37-d41e42b9d14a/13871470-7137-44c7-adcc-d995ce424a5f/300x300.jpg
Charcuterie et Traiteur,45160b1a-7d50-47a9-9984-234721d6615b,MPX_3859684,Herta Knacki saucisses 100% poulet x10,2.39,6.83,"['Charcuterie et Traiteur', 'Charcuterie', 'Knack, Saucisse et Boudin', 'Knack']",Herta,True,False,false,1.0,WEEK,350g,[],https://courses.monoprix.fr/images-v3/0c44253f-c4a3-4340-9d37-d41e42b9d14a/5cf982cc-cefa-40ab-b214-4a4f8e274ab1/300x300.jpg
Charcuterie et Traiteur,28ef0f09-0206-4c8a-a312-b38f194d3f7a,MPX_3960552,Fleury Michon Moussaka Au Bœuf Et Aubergines 300g,5.39,17.97,"['Charcuterie et Traiteur', 'Pause Déjeuner', 'Plats cuisinés', 'Plats classiques']",Fleury michon,True,False,false,1.0,WEEK,300g,[],https://courses.monoprix.fr/images-v3/0c44253f-c4a3-4340-9d37-d41e42b9d14a/3a86b5f9-641b-4984-8705-34cccf546ed7/300x300.jpg
Charcuterie et Traiteur,533efd99-1457-430d-af9d-2f44d2c6fe43,MPX_4124812,Régalette Galettes de blé noir 4x60g,2.75,11.46,"['Charcuterie et Traiteur', 'Croque-monsieur, Galette et Nem', 'Crêpe et Galette']",TREGALETTE,True,False,false,5.0,DAY,240g,[],https://courses.monoprix.fr/images-v3/0c44253f-c4a3-4340-9d37-d41e42b9d14a/1fff1748-a780-4c0e-bc24-bfa61f775301/300x300.jpg
Charcuterie et Traiteur,0c324e0c-4aeb-4262-ad45-f89be5bf889d,MPX_2547718,Charal Boulettes au Boeuf Sauce Napolitaine 300g,5.69,18.97,"['Boucherie et Volaille', 'Boucherie', 'Bœuf']",Charal,True,False,false,2.0,WEEK,300g,[],https://courses.monoprix.fr/images-v3/0c44253f-c4a3-4340-9d37-d41e42b9d14a/fcf5c468-c6db-4fdf-bbb2-1681ea648f05/300x300.jpg
Charcuterie et Traiteur,ea926db3-018e-4847-adb6-e7e8f340868b,MPX_1483240,Monoprix Allumettes de lardons nature 2x100g,2.25,11.25,"['Charcuterie et Traiteur', 'Charcuterie', 'Lardons, Dés et Poitrine', 'Lardon et Allumette']",Monoprix,True,False,false,2.0,WEEK,2 x 100g,[],https://courses.monoprix.fr/images-v3/0c44253f-c4a3-4340-9d37-d41e42b9d14a/a2b4d2eb-c8b0-47ba-96fb-0fbdc4393ff2/300x300.jpg
Charcuterie et Traiteur,a5a0120b-0d2a-4b58-92d0-a507a334033c,MPX_2381846,Fleury Michon Blanc De Poulet Rôti À La Broche X4,2.59,21.58,"['Charcuterie et Traiteur', 'Charcuterie', 'Charcuterie de volaille', 'Blanc de volaille']",Fleury michon,True,False,false,1.0,WEEK,120g,[],https://courses.monoprix.fr/images-v3/0c44253f-c4a3-4340-9d37-d41e42b9d14a/499a7b91-5b49-40cd-b268-788354fad07a/300x300.jpg
Charcuterie et Traiteur,ea207c7f-5d1e-4927-80f3-265eacacdacc,MPX_2120289,Manuel De Montejo Jambon Serrano Fe 100G,4.25,42.5,"['Nos sélections', 'Inspiration du moment', '& Le Coin du marché', 'Charcuterie']",Manuel de Montejo,True,False,false,1.0,MONTH,100g,[],https://courses.monoprix.fr/images-v3/0c44253f-c4a3-4340-9d37-d41e42b9d14a/eedcad96-4e0d-41ef-b799-4025c100650c/300x300.jpg
Charcuterie et Traiteur,367843fc-5a02-42fc-836e-8a2df821cfd5,MPX_4655860,Betteraves Moutarde à l'Ancienne 320g,2.39,7.47,"['Charcuterie et Traiteur', 'Salade et Sandwich', 'Crudités']",Bonduelle,True,False,false,4.0,DAY,320g,['Produit vegan'],https://courses.monoprix.fr/images-v3/0c44253f-c4a3-4340-9d37-d41e42b9d14a/45067952-8c9b-4315-aa0e-945a50dc5971/300x300.jpg
Charcuterie et Traiteur,4b6b2452-f257-4f30-a698-1c4dd5f37372,MPX_3859649,Herta Le Bon Paris Jambon Etouffée conservation sans nitrite x2 - 70g,2.19,31.29,"['Charcuterie et Traiteur', 'Charcuterie', 'Jambon blanc']",Herta,True,False,false,1.0,WEEK,70g,[],https://courses.monoprix.fr/images-v3/0c44253f-c4a3-4340-9d37-d41e42b9d14a/cdfa2666-914b-4ae3-b347-ed2ae4692621/300x300.jpg
Charcuterie et Traiteur,5ce8a0ba-54b1-4e28-962d-fb92d01bcac6,MPX_4096960,Sodebo Pasta Box Fusilli à la carbonara 330g,3.99,12.09,"['Charcuterie et Traiteur', 'Pause Déjeuner', 'Plats cuisinés', 'Box']",Sodebo,True,False,false,5.0,DAY,330g,[],https://courses.monoprix.fr/images-v3/0c44253f-c4a3-4340-9d37-d41e42b9d14a/0be73765-dc4e-4dd6-9edb-eefc98f464b2/300x300.jpg
Charcuterie et Traiteur,317447e9-1dfb-4dd1-a6df-6d46853d7ec7,MPX_2275216,Thierry Schweitzer Saucisse Francfort 240 G,6.19,25.79,"['Nos régions de France', 'Grand Est', 'Alsace']",Thierry Schweitzer,True,False,false,1.0,WEEK,240g,[],https://courses.monoprix.fr/images-v3/0c44253f-c4a3-4340-9d37-d41e42b9d14a/8e591ef8-5dd0-4df1-8266-1f5cea1b5df9/300x300.jpg
Charcuterie et Traiteur,60956dfb-a892-4cb1-91f6-9ad5134e1543,MPX_6174476,Villani bresaola punta d'anca 90g,6.35,70.56,"['Nos sélections', 'Inspiration du moment', '& Apéro entre amis', 'Charcuterie']",Villani,True,False,false,3.0,WEEK,90g,[],https://courses.monoprix.fr/images-v3/0c44253f-c4a3-4340-9d37-d41e42b9d14a/2c1f0a47-e307-4ff1-b8c5-f65b9b78c9eb/300x300.jpg
Charcuterie et Traiteur,e2f2ae6d-6c7d-4a20-bc8a-912325c59043,MPX_2469017,Sodebo Pizza Dolce 4 Formaggi 380g,5.99,15.76,"['Charcuterie et Traiteur', 'Pizza, Quiche et Tarte', 'Pizza familiale']",Sodebo,True,False,false,1.0,WEEK,380g,[],https://courses.monoprix.fr/images-v3/0c44253f-c4a3-4340-9d37-d41e42b9d14a/71881a1d-49ab-46be-93d6-5a0928d40eda/300x300.jpg
Charcuterie et Traiteur,56eb77c2-c751-49ab-8b17-ffb41c527785,MPX_166186,Monoprix Tranches De Bacon 150G,3.25,21.67,"['Charcuterie et Traiteur', 'Charcuterie', 'Charcuterie sèche tranchée', 'Bacon, Salami et Mortadelle']",Monoprix,True,False,false,1.0,WEEK,150g,[],https://courses.monoprix.fr/images-v3/0c44253f-c4a3-4340-9d37-d41e42b9d14a/59e8cbc7-39d2-4ec4-b542-4d7fb24ef3c7/300x300.jpg
Charcuterie et Traiteur,72209a00-6ef0-451d-bffc-5b43d3cb0fe0,MPX_2223038,Delicemer Traiteur Tartinable Thon Piquant 120g,3.75,31.25,"['Epicerie Salée', 'Produit apéritif', 'Tartinable et Produit de la Mer', 'Tapenade et Autre Tartinable']",Delicemer,True,False,false,1.0,WEEK,120g,[],https://courses.monoprix.fr/images-v3/0c44253f-c4a3-4340-9d37-d41e42b9d14a/d0164e40-3711-47f7-a60d-165310171df0/300x300.jpg
Charcuterie et Traiteur,f461f0bf-9f64-4505-af1f-dfb12a248286,MPX_6379665,Herta Le Bon Paris jambon à l'étouffée 2 tranches 85g,1.89,22.24,"['Charcuterie et Traiteur', 'Charcuterie', 'Jambon blanc']",Herta,True,False,false,1.0,WEEK,85g,[],https://courses.monoprix.fr/images-v3/0c44253f-c4a3-4340-9d37-d41e42b9d14a/ab9f3455-f8d8-4d50-9bdc-34bd18367c27/300x300.jpg
Charcuterie et Traiteur,d0df1f1b-9d66-43d5-a145-0463f3fbdd0e,MPX_3986147,Monoprix Gourmet Ravioli Tomates Mozza 230g,4.45,19.35,"['Nos sélections', 'Inspiration du moment', '& Frigo vide', 'Traiteur']",Monoprix Gourmet,True,False,false,2.0,WEEK,230g,[],https://courses.monoprix.fr/images-v3/0c44253f-c4a3-4340-9d37-d41e42b9d14a/7ec5c63d-3028-4ce6-b201-7b28b3d6c082/300x300.jpg
Charcuterie et Traiteur,366d8d89-4300-428a-abd8-bed2c48ae023,MPX_2106446,Monoprix Gourmet spaghetti 300g,3.65,12.17,"['Mes marques Monoprix', 'Monoprix Gourmet', 'Produits frais', 'Traiteur']",Monoprix Gourmet,True,False,false,1.0,WEEK,300g,[],https://courses.monoprix.fr/images-v3/0c44253f-c4a3-4340-9d37-d41e42b9d14a/32ff106e-656d-461a-a388-cec0c0b2ca5c/300x300.jpg
Charcuterie et Traiteur,8f7e5603-ffe1-4dbb-a464-e2b8159364c6,MPX_1612470,Monoprix Céleri râpé sauce rémoulade 300g,1.39,4.63,"['Charcuterie et Traiteur', 'Salade et Sandwich', 'Crudités']",Monoprix,True,False,false,4.0,DAY,300g,[],https://courses.monoprix.fr/images-v3/0c44253f-c4a3-4340-9d37-d41e42b9d14a/e7517389-4787-4dad-a23c-411f54de12a6/300x300.jpg
Charcuterie et Traiteur,2e036605-0e70-4387-a9fa-25205861c7f3,MPX_5216910,Fleury Michon Hachis Parmentier Emmental 300g,3.99,13.3,"['Charcuterie et Traiteur', 'Pause Déjeuner', 'Plats cuisinés', 'Plats classiques']",Fleury michon,True,False,false,1.0,WEEK,300g,[],https://courses.monoprix.fr/images-v3/0c44253f-c4a3-4340-9d37-d41e42b9d14a/afa151f1-8c53-4dfc-b1b2-7455e9c6ef10/300x300.jpg
Charcuterie et Traiteur,49f0e197-d142-4e35-8531-5a7c0969ee2a,MPX_1992068,"Weight Watchers Couscous oriental, légumes cuisinés et poulet émincé 300g",5.39,17.97,"['Charcuterie et Traiteur', 'Pause Déjeuner', 'Plats cuisinés', 'Plats allégés']",Weight Watchers,True,False,false,1.0,WEEK,300g,[],https://courses.monoprix.fr/images-v3/0c44253f-c4a3-4340-9d37-d41e42b9d14a/44aba3f5-043e-453d-8056-67df9a736f1e/300x300.jpg
Charcuterie et Traiteur,8c75d778-d852-4680-ade0-c2132199b947,MPX_1240286,Monoprix Boudin blanc 250g,3.39,13.56,"['Charcuterie et Traiteur', 'Charcuterie', 'Knack, Saucisse et Boudin', 'Boudin et Andouillette']",Monoprix,True,False,false,6.0,DAY,250g,[],https://courses.monoprix.fr/images-v3/0c44253f-c4a3-4340-9d37-d41e42b9d14a/d2104323-522d-4aa7-852d-501e15c71137/300x300.jpg
Charcuterie et Traiteur,dee94e0f-d53f-4dc5-a5b8-0edc8ad404a0,MPX_4123743,Saint Jean Ravioles à Poêler 3 Fromages Persil de la Drôme 300g,4.49,14.48,"['Nos régions de France', 'Auvergne Rhône Alpes', 'Crozets, ravioles, quenelles et pâtes']",Saint-Jean,True,False,false,1.0,WEEK,310g,[],https://courses.monoprix.fr/images-v3/0c44253f-c4a3-4340-9d37-d41e42b9d14a/65da0c0d-6341-4f9d-b143-f228f796975f/300x300.jpg
Charcuterie et Traiteur,6c5a2511-ba4c-409d-affc-b8e12ccb47ea,MPX_1934253,Cap Océan Rillettes de thon 150g,3.59,23.93,"['Epicerie Salée', 'Produit apéritif', 'Tartinable et Produit de la Mer', 'Rillette de la mer']",Cap Océan,True,False,false,1.0,WEEK,150g,[],https://courses.monoprix.fr/images-v3/0c44253f-c4a3-4340-9d37-d41e42b9d14a/ec536404-7054-445f-a132-b702de581884/300x300.jpg
Charcuterie et Traiteur,d6061abd-b99c-43d6-a09f-628ef8f445e7,MPX_3859651,Herta Le Bon Paris Jambon Sans Nitrite Sel Réduit 2 Tranches,2.19,31.29,"['Charcuterie et Traiteur', 'Charcuterie', 'Jambon blanc']",Herta,True,False,false,1.0,WEEK,70g,[],https://courses.monoprix.fr/images-v3/0c44253f-c4a3-4340-9d37-d41e42b9d14a/72547914-487c-48c0-9e5a-7666e35bc3fa/300x300.jpg
Charcuterie et Traiteur,9ea2601b-7c38-4c19-9d7f-d4dc2d838071,MPX_1542070,Fleury Michon Chili Con Carne Et Riz 300g,5.19,17.3,"['Charcuterie et Traiteur', 'Pause Déjeuner', 'Plats cuisinés', 'Plats classiques']",Fleury michon,True,False,false,1.0,WEEK,300g,[],https://courses.monoprix.fr/images-v3/0c44253f-c4a3-4340-9d37-d41e42b9d14a/940ed156-af4e-4b7c-a9dd-6b37dfde4b80/300x300.jpg
Charcuterie et Traiteur,caeb1425-b627-475c-8f6c-ee1380857af6,MPX_565965,Cesar Moroni Chorizo Fort Aux Piments Rouge D'Espagne 200G,4.49,22.45,"['Charcuterie et Traiteur', 'Charcuterie', 'Saucisson sec et Chorizo', 'Chorizo']",Cesar moroni,True,False,false,4.0,WEEK,200g,[],https://courses.monoprix.fr/images-v3/0c44253f-c4a3-4340-9d37-d41e42b9d14a/ed856126-ca85-4f57-98a3-aaaae296a074/300x300.jpg
Charcuterie et Traiteur,3abd8f4f-2f7d-4612-b426-120522fbe823,MPX_2424845,Monoprix Quiche Lorraine Pâte Pur Beurre 400G,2.89,7.23,"['Mes marques Monoprix', 'Monoprix', 'Produits Frais', 'Traiteur']",Monoprix,True,False,false,1.0,WEEK,400g,[],https://courses.monoprix.fr/images-v3/0c44253f-c4a3-4340-9d37-d41e42b9d14a/f5188265-5482-4992-a1b5-cbfc71310c24/300x300.jpg
Charcuterie et Traiteur,e60b2d92-37df-43a4-bb67-45e9fc0a236e,MPX_3729418,"Hari&Co Galettes De Lentilles Vertes Bio Courgettes Menthe, Protéine Vég-Étale 85G",4.99,29.35,"['Epicerie Salée', 'Produit apéritif', 'Feuilleté, Petit Four, Cake et Bouchée', 'Feuilleté et Petit Four']",HARI&CO,True,False,false,1.0,WEEK,170g,"['Produit végétarien', 'Produit vegan', 'Produit bio']",https://courses.monoprix.fr/images-v3/0c44253f-c4a3-4340-9d37-d41e42b9d14a/db879b0c-b3fd-4f43-af01-1034f1e4e72e/300x300.jpg
Charcuterie et Traiteur,2ac2a0be-86e9-4e99-9526-86e3da9c37b4,MPX_2385636,Monoprix Quiche Lorraine Pâte Pur Beurre 2x260g,2.49,9.58,"['Mes marques Monoprix', 'Monoprix', 'Produits Frais', 'Traiteur']",Monoprix,True,False,false,1.0,WEEK,260g,[],https://courses.monoprix.fr/images-v3/0c44253f-c4a3-4340-9d37-d41e42b9d14a/c5586254-e31a-4bf5-9e18-481c221b8fca/300x300.jpg
Charcuterie et Traiteur,28f39d67-c355-41ba-9db8-989ee1e1cfd1,MPX_1992067,"Weight Watchers Poulet au curry, noix de coco et riz aux légumes 300g",5.89,19.63,"['Charcuterie et Traiteur', 'Pause Déjeuner', 'Plats cuisinés', 'Plats allégés']",Weight Watchers,True,False,false,1.0,WEEK,300g,['Produit bio'],https://courses.monoprix.fr/images-v3/0c44253f-c4a3-4340-9d37-d41e42b9d14a/b6410f07-a819-4bf3-9c5b-d410855b94b4/300x300.jpg
Charcuterie et Traiteur,aafe968c-bd2a-4039-9006-3088ff3dcce0,MPX_4122835,Saint Jean Ravioles à Poêler Tomate Mozzarella Bio 310g,4.89,15.77,"['Bio', 'Epicerie salée bio', 'Pâte bio']",Saint-Jean,True,False,false,1.0,WEEK,310g,['Produit bio'],https://courses.monoprix.fr/images-v3/0c44253f-c4a3-4340-9d37-d41e42b9d14a/a85d5c85-7685-41eb-b422-48ca3bce127e/300x300.jpg
Charcuterie et Traiteur,c5a737d7-2675-4a0d-b20f-f153629bc2f4,MPX_1992109,Monoprix Feuilles De Brick Feuilles X8 136G,1.59,11.69,"['Mes marques Monoprix', 'Monoprix', 'Produits Frais', 'Traiteur']",Monoprix,True,False,false,1.0,MONTH,8 x 17g,[],https://courses.monoprix.fr/images-v3/0c44253f-c4a3-4340-9d37-d41e42b9d14a/e3b2c860-77d1-4177-8237-d68a96c82a05/300x300.jpg
Charcuterie et Traiteur,1b852b1c-ab4f-4523-a6ab-6d19665e299c,MPX_3177161,Bonduelle riz à la provençale au thon et basilic 320g,2.85,8.91,"['Charcuterie et Traiteur', 'Salade et Sandwich', 'Crudités']",Bonduelle,True,False,false,4.0,DAY,320g,[],https://courses.monoprix.fr/images-v3/0c44253f-c4a3-4340-9d37-d41e42b9d14a/095d523d-e998-4ad0-91c1-fb290463d49c/300x300.jpg
Charcuterie et Traiteur,0e75a74d-0366-4e73-a2ea-e508a5b6c39e,MPX_2060145,Monoprix Jambon De Bayonne 100G,3.69,36.9,"['Charcuterie et Traiteur', 'Charcuterie', 'Jambon cru']",Monoprix,True,False,false,3.0,WEEK,100g,[],https://courses.monoprix.fr/images-v3/0c44253f-c4a3-4340-9d37-d41e42b9d14a/70224720-3ba9-4b19-92a3-6e54513d57e1/300x300.jpg
Charcuterie et Traiteur,a7ccc985-8735-40fa-8009-31f83ad50b4a,MPX_3960362,Pure Poulet Tikka Masala & Riz 400g,5.39,13.48,"['Charcuterie et Traiteur', 'Pause Déjeuner', 'Plats cuisinés', 'Plats ethniques']",Pure,True,False,false,1.0,WEEK,400g,['Produit halal'],https://courses.monoprix.fr/images-v3/0c44253f-c4a3-4340-9d37-d41e42b9d14a/d02040af-dac5-4f4f-9888-d21aa950ed80/300x300.jpg
Charcuterie et Traiteur,612e4c59-72c9-49c8-a028-ae3f8d045f85,MPX_2506931,Monoprix Gourmet Chorizo Iberique 80G,3.49,43.63,"['Nos sélections', 'Inspiration du moment', 'Sélection Charcuterie et Fromage']",Monoprix Gourmet,True,False,false,2.0,MONTH,80g,[],https://courses.monoprix.fr/images-v3/0c44253f-c4a3-4340-9d37-d41e42b9d14a/cee2c6c1-5502-41b9-83ff-94e9cbcb0e59/300x300.jpg
Charcuterie et Traiteur,e0e94f8e-846a-4205-8cb6-69337e90770a,MPX_1455027,Monoprix Guacamole 175g,2.39,13.66,"['Produits du monde', 'Mexique - México', 'Sauces et Accompagnements']",Monoprix,True,False,false,1.0,WEEK,175g,[],https://courses.monoprix.fr/images-v3/0c44253f-c4a3-4340-9d37-d41e42b9d14a/2a0fcf5d-b85b-4a52-92b6-651ffd27a347/300x300.jpg
Charcuterie et Traiteur,7b11a152-fccb-4c07-84a2-ceeb76c2cd4f,MPX_2141938,Thierry Schweitzer Knacks D'Alsace 240G,5.99,24.96,"['Nos régions de France', 'Grand Est', 'Alsace']",Thierry Schweitzer,True,False,false,1.0,WEEK,240g,[],https://courses.monoprix.fr/images-v3/0c44253f-c4a3-4340-9d37-d41e42b9d14a/0ea8a72c-543a-4da4-8db2-12cddf90c5df/300x300.jpg
Charcuterie et Traiteur,f4c466af-ad79-4ba4-a42e-f1fbb8f5a153,MPX_3729493,"Hari&Co Boulettes De Pois Chiches Bio Patate Douce Curcuma, Protéine Vég-Étale 180G",4.99,27.72,"['Charcuterie et Traiteur', 'Traiteur végétal', 'Traiteur végétal']",HARI&CO,True,False,false,1.0,WEEK,180g,"['Produit vegan', 'Produit bio']",https://courses.monoprix.fr/images-v3/0c44253f-c4a3-4340-9d37-d41e42b9d14a/a1ffc204-e464-4aa7-b6eb-645703b72a86/300x300.jpg
Charcuterie et Traiteur,3b4acebf-96b8-454d-8b33-a0e5f1673603,MPX_3986146,Monoprix Gourmet raviolis pecorino et poivre noir 230g,4.45,19.35,"['Nos sélections', 'Inspiration du moment', '& Les produits méditerranéens', 'Traiteur']",Monoprix Gourmet,True,False,false,2.0,WEEK,230g,[],https://courses.monoprix.fr/images-v3/0c44253f-c4a3-4340-9d37-d41e42b9d14a/070306ba-2a41-4543-be06-3964ceff3beb/300x300.jpg
Charcuterie et Traiteur,eaabd991-5f6f-4162-a322-f3fda5cc03c7,MPX_4124114,Fleury Michon Poisson A La Bordelaise 300g,5.59,18.63,"['Charcuterie et Traiteur', 'Pause Déjeuner', 'Plats cuisinés', 'Plats classiques']",Fleury michon,True,False,false,1.0,WEEK,300g,[],https://courses.monoprix.fr/images-v3/0c44253f-c4a3-4340-9d37-d41e42b9d14a/6c065fd0-22a6-4fe6-aa70-357869bc8933/300x300.jpg
Charcuterie et Traiteur,d510a3e8-e4de-4f22-9571-52cebdedf894,MPX_2549266,Frais devant Viande des grisons IGP 60g,5.99,99.83,"['Charcuterie et Traiteur', 'Charcuterie', 'Charcuterie sèche tranchée', 'Viande de bœuf']",FRAIS DEVANT,True,False,false,2.0,WEEK,60g,[],https://courses.monoprix.fr/images-v3/0c44253f-c4a3-4340-9d37-d41e42b9d14a/dec9c8a0-e5f6-4251-bafb-6cc8a5728ef6/300x300.jpg
Charcuterie et Traiteur,7bc9e513-04a2-47e4-be21-d33ed689d99a,MPX_6725719,Croustipate Nouveau pâte à pizza 300g,2.29,7.63,"['Charcuterie et Traiteur', 'Pâte à tarte et Pâte à pizza', 'Pâte à pizza']",Croustipate,True,False,false,1.0,WEEK,300g,[],https://courses.monoprix.fr/images-v3/0c44253f-c4a3-4340-9d37-d41e42b9d14a/6b9ca91b-f497-405c-90e4-1b31491b5aaa/300x300.jpg
Charcuterie et Traiteur,8383871c-a97d-4c8e-abe4-a8b5e357c54b,MPX_3599269,Monoprix Jambon Cuit 4 Tranches Taux Sel Réduit Sans Couenne,2.59,16.19,"['Nos sélections', 'Inspiration du moment', '& Le Coin du marché', 'Charcuterie']",Monoprix,True,False,false,1.0,WEEK,160g,[],https://courses.monoprix.fr/images-v3/0c44253f-c4a3-4340-9d37-d41e42b9d14a/c44f1b9a-6b3f-47df-9545-5c69d4bc85ce/300x300.jpg
Charcuterie et Traiteur,dcbe8857-13f7-4bec-9a0b-7cb23e30104d,MPX_4231009,Lustucru Tagliatelles aux œufs frais 360g,2.69,7.47,"['Charcuterie et Traiteur', 'Pâte fraîche, Gnocchi et Quenelle', 'Pâte fraîche']",Lustucru,True,False,false,1.0,WEEK,360g,[],https://courses.monoprix.fr/images-v3/0c44253f-c4a3-4340-9d37-d41e42b9d14a/400248dd-a29e-4abc-872c-af5273ebc037/300x300.jpg
Charcuterie et Traiteur,9ac98176-ee16-4f86-ba19-c9443c069698,MPX_1893455,Aoste Dentelles De Jambon Cuit Supérieur Aux Herbes De Provence,6.45,43.0,"['Nos sélections', 'Inspiration du moment', '& Le Coin du marché', 'Charcuterie']",Aoste,True,False,false,1.0,WEEK,150g,[],https://courses.monoprix.fr/images-v3/0c44253f-c4a3-4340-9d37-d41e42b9d14a/c1c2a316-6600-4226-b456-d1da1e5841a4/300x300.jpg
Charcuterie et Traiteur,baa1381c-fd42-4a95-a2c1-db34a828c69f,MPX_2947891,Fleury Michon Rôti De Porc Supérieur X2,2.79,31.0,"['Charcuterie et Traiteur', 'Charcuterie', 'Rôti de porc', 'Rôti de porc']",Fleury Michon,True,False,false,1.0,WEEK,90g,[],https://courses.monoprix.fr/images-v3/0c44253f-c4a3-4340-9d37-d41e42b9d14a/c31e8bf2-e1fd-406b-98cd-9a30dc03449f/300x300.jpg
Charcuterie et Traiteur,a59280d6-6aec-46a5-b43e-52b0596054b0,MPX_1540345,Bonduelle Tortis Concombres Saumon 300g,3.49,11.63,"['Charcuterie et Traiteur', 'Salade et Sandwich', 'Crudités']",Bonduelle,True,False,false,4.0,DAY,300g,[],https://courses.monoprix.fr/images-v3/0c44253f-c4a3-4340-9d37-d41e42b9d14a/27bc4a37-86e3-40ec-873a-fb6bddc6a886/300x300.jpg
Charcuterie et Traiteur,a6a3cea4-304f-4fd1-8314-adbc4268e8e5,MPX_1627992,Monoprix Lasagnes Bolognaise Pur Bœuf Gratiné au Four 350g,2.69,7.69,"['Nos sélections', 'Inspiration du moment', '& Frigo vide', 'Traiteur']",Monoprix,True,False,false,1.0,WEEK,350g,[],https://courses.monoprix.fr/images-v3/0c44253f-c4a3-4340-9d37-d41e42b9d14a/2aac6adc-bb04-4d37-909e-df05994d28c2/300x300.jpg
Charcuterie et Traiteur,79f69d1a-9dbc-48eb-a06a-fa6234618183,MPX_3859686,Herta Knacki saucisses végétales x4,2.19,15.64,"['Régimes alimentaires', 'Végétal', 'Protéine végétale']",HERTA,True,False,false,1.0,WEEK,140g,[],https://courses.monoprix.fr/images-v3/0c44253f-c4a3-4340-9d37-d41e42b9d14a/ef38f9e5-ec25-41d0-8daa-27fc240a7125/300x300.jpg
Charcuterie et Traiteur,ab5c1b12-b586-4e65-a6fa-480b345d55c8,MPX_3059494,Fleury Michon Pastrami De Bœuf Au Poivre X6,4.59,45.9,"['Charcuterie et Traiteur', 'Charcuterie', 'Charcuterie sèche tranchée', 'Viande de bœuf']",Fleury Michon,True,False,false,1.0,WEEK,100g,[],https://courses.monoprix.fr/images-v3/0c44253f-c4a3-4340-9d37-d41e42b9d14a/60e15d70-3fc6-4d65-b6c4-7ec2ffbe267a/300x300.jpg
Charcuterie et Traiteur,abc4a379-74e2-49f7-bfed-1ee4370abfab,MPX_2141798,"Marie Cordon bleu de dinde, Coquillettes à l'emmental 280g",5.39,19.25,"['Charcuterie et Traiteur', 'Pause Déjeuner', 'Plats cuisinés', 'Plats classiques']",Marie,True,False,false,1.0,WEEK,280g,['Produit bio'],https://courses.monoprix.fr/images-v3/0c44253f-c4a3-4340-9d37-d41e42b9d14a/c13831d7-f35a-4024-877e-46229f792432/300x300.jpg
Charcuterie et Traiteur,6e4b3bd3-fee1-4c7f-9642-7eef7ef8887a,MPX_2093316,César Moroni Chorizo doux 200g,4.49,22.45,"['Charcuterie et Traiteur', 'Charcuterie', 'Saucisson sec et Chorizo', 'Chorizo']",Cesar moroni,True,False,false,4.0,WEEK,200g,[],https://courses.monoprix.fr/images-v3/0c44253f-c4a3-4340-9d37-d41e42b9d14a/d5d48898-ecd7-4f63-8463-50b48f016976/300x300.jpg
Charcuterie et Traiteur,8fa4f60f-2f29-4fe5-89e7-854614be8aa1,MPX_3886680,Pierre Martinet Taboulé oriental 310g,2.39,7.71,"['Charcuterie et Traiteur', 'Salade et Sandwich', 'Crudités']",Pierre martinet,True,False,false,1.0,WEEK,310g,[],https://courses.monoprix.fr/images-v3/0c44253f-c4a3-4340-9d37-d41e42b9d14a/d0a24b96-13b0-4ccd-9722-dd1157ed49dc/300x300.jpg
Charcuterie et Traiteur,db1c9b4e-b658-4183-98b0-08f56672abb5,MPX_5272047,Topsfood Poulet Dans Une Sauce Satay 400g,4.89,12.23,"['Charcuterie et Traiteur', 'Pause Déjeuner', 'Plats cuisinés', 'Plats classiques']",TOPSFOOD,True,False,false,1.0,WEEK,400g,['Produit halal'],https://courses.monoprix.fr/images-v3/0c44253f-c4a3-4340-9d37-d41e42b9d14a/58ae9e73-f581-4170-9dac-ba1254073cae/300x300.jpg
Charcuterie et Traiteur,19c50e43-ae18-486a-917e-e2062564f030,MPX_1398827,"Marie Poisson à l'Andalouse, Riz safrane et Petits légumes 300g",5.59,18.63,"['Charcuterie et Traiteur', 'Pause Déjeuner', 'Plats cuisinés', 'Plats classiques']",Marie,True,False,false,1.0,WEEK,300g,[],https://courses.monoprix.fr/images-v3/0c44253f-c4a3-4340-9d37-d41e42b9d14a/0ac9b117-28a8-439e-a833-87619c2ce41a/300x300.jpg
Charcuterie et Traiteur,980d8d0f-8e08-4636-98a9-fea57a8cfa65,MPX_3636566,Lustucru Pâtes Fraîches Girasoli Ricotta Epinard le sachet de 250g,3.59,14.36,"['Charcuterie et Traiteur', 'Pâte fraîche, Gnocchi et Quenelle', 'Ravioli et Raviole']",Lustucru,True,False,false,1.0,WEEK,250g,[],https://courses.monoprix.fr/images-v3/0c44253f-c4a3-4340-9d37-d41e42b9d14a/adcd39c8-b6e1-4def-bde8-7d7db5e743e3/300x300.jpg
Charcuterie et Traiteur,482c97bc-1b8f-49b1-99b5-b89d462b0af0,MPX_5447206,Atelier Blini Falafels Pois Chiches 120g,3.59,29.92,"['Charcuterie et Traiteur', 'Traiteur végétal', 'Traiteur végétal']",Atelier Blini,True,False,false,1.0,WEEK,120g,[],https://courses.monoprix.fr/images-v3/0c44253f-c4a3-4340-9d37-d41e42b9d14a/9d68a05d-8c6c-4145-8c71-adbd21ad6c7f/300x300.jpg
Charcuterie et Traiteur,b761e58d-3e75-4e1c-bd7e-758734256f14,MPX_4029340,Fleury Michon Jambon Supérieur Sans Nitrite x2,2.19,31.29,"['Charcuterie et Traiteur', 'Charcuterie', 'Jambon blanc']",Fleury michon,True,False,false,1.0,WEEK,70g,[],https://courses.monoprix.fr/images-v3/0c44253f-c4a3-4340-9d37-d41e42b9d14a/0406d4eb-b2ff-4084-bbf7-2f69ecf6252c/300x300.jpg
Charcuterie et Traiteur,73cdd444-b732-4485-aade-c49468f32dc0,MPX_5145469,Parma Prosciutto Di Parma Aop 100G,6.89,68.9,"['Produits du monde', 'Italie - Italia', 'Mortadelle, Saucisson et Jambon cru']",Rosa Dell Angelo,True,False,false,1.0,WEEK,100g,[],https://courses.monoprix.fr/images-v3/0c44253f-c4a3-4340-9d37-d41e42b9d14a/093c4249-533e-460c-84a4-f67127bd9cef/300x300.jpg
Charcuterie et Traiteur,3d8313fc-d88b-46b2-b550-4df7a4b9f16f,MPX_2548960,Fleury Michon Dés De Jambon -25% De Sel 2X75 G,2.95,19.67,"['Charcuterie et Traiteur', 'Charcuterie', 'Lardons, Dés et Poitrine', 'Dés et Emincé']",Fleury Michon,True,False,false,1.0,WEEK,150g,[],https://courses.monoprix.fr/images-v3/0c44253f-c4a3-4340-9d37-d41e42b9d14a/281cf11c-beee-4663-81ad-e849670205a1/300x300.jpg
Charcuterie et Traiteur,e55c2b55-6b5b-4249-90e9-8057a3811bc3,MPX_3859682,Herta Knacki saucisses gourmande 100% pur porc x4,3.29,11.75,"['Charcuterie et Traiteur', 'Charcuterie', 'Knack, Saucisse et Boudin', 'Knack']",Herta,True,False,false,1.0,WEEK,280g,[],https://courses.monoprix.fr/images-v3/0c44253f-c4a3-4340-9d37-d41e42b9d14a/e562779b-cf7b-4ea5-8a46-7191642f5488/300x300.jpg
Charcuterie et Traiteur,d310438f-74ce-4d87-968d-b47323374476,MPX_164123,Monoprix Gourmet Jambon De Bayonne Affiné 12 Mois Minimum 80 G,3.59,44.88,"['Nos sélections', 'Inspiration du moment', 'Sélection Charcuterie et Fromage']",Monoprix Gourmet,True,False,false,1.0,MONTH,80g,[],https://courses.monoprix.fr/images-v3/0c44253f-c4a3-4340-9d37-d41e42b9d14a/3df0ae71-dd53-4ce7-bc43-49fb16963f01/300x300.jpg
Charcuterie et Traiteur,2179f45c-2752-4782-a117-89bfae225030,MPX_1861676,Marie Penne saumon et crème d'épinards 280g,4.39,15.68,"['Charcuterie et Traiteur', 'Pause Déjeuner', 'Plats cuisinés', 'Plats classiques']",Marie,True,False,false,1.0,WEEK,280g,[],https://courses.monoprix.fr/images-v3/0c44253f-c4a3-4340-9d37-d41e42b9d14a/4ef2e203-7a2f-4858-9b64-b72536c6a8ed/300x300.jpg
Charcuterie et Traiteur,231a91ed-cba9-4d39-b671-f3c11c441b3e,MPX_2120293,"Manuel De Montejo Lomo Embuchado, Charcuterie",4.39,43.9,"['Nos sélections', 'Inspiration du moment', '& Le Coin du marché', 'Charcuterie']",MANUEL DE MONTEJO,True,False,false,1.0,MONTH,100g,[],https://courses.monoprix.fr/images-v3/0c44253f-c4a3-4340-9d37-d41e42b9d14a/31ec4096-b35d-4fe0-bb02-941fe7dacd12/300x300.jpg
Charcuterie et Traiteur,941c00f6-4f02-41b4-a635-6f515ce2d230,MPX_1921549,Bonduelle Taboulé Oriental Menthe et Huile d'Olive vierge extra 500g,3.39,6.78,"['Charcuterie et Traiteur', 'Salade et Sandwich', 'Crudités']",Bonduelle,True,False,false,4.0,DAY,500g,"['Produit végétarien', 'Produit vegan']",https://courses.monoprix.fr/images-v3/0c44253f-c4a3-4340-9d37-d41e42b9d14a/fb8555b8-0246-4de2-acf1-86ba02e76f3d/300x300.jpg
Charcuterie et Traiteur,d7c2ae19-f036-48ef-aabe-8802b78df288,MPX_6721150,Rana Pâtes Fraîches Girasoli Pesto Rosso Tomates séchées et Pignons 250g,3.89,15.56,"['Charcuterie et Traiteur', 'Pâte fraîche, Gnocchi et Quenelle', 'Pâte fraîche']",Rana,True,False,false,1.0,WEEK,250g,[],https://courses.monoprix.fr/images-v3/0c44253f-c4a3-4340-9d37-d41e42b9d14a/fdec5c2d-e2db-4ad7-80ed-84a821ad8a59/300x300.jpg
Charcuterie et Traiteur,677f5c93-935c-4c5d-9bf8-9fb07ff93315,MPX_4263284,Herta Tarte en Or Pâte Feuilletée Sans Huile de Palme 230g,2.35,10.22,"['Charcuterie et Traiteur', 'Pâte à tarte et Pâte à pizza', 'Pâte à tarte']",HERTA,True,False,false,6.0,DAY,230g,[],https://courses.monoprix.fr/images-v3/0c44253f-c4a3-4340-9d37-d41e42b9d14a/bc529c29-b860-47b4-a8a9-0d68bc5867d0/300x300.jpg
Charcuterie et Traiteur,8cbd66a0-3a3c-4376-9a4f-00039ec6ba9f,MPX_2850212,Monoprix gourmet Guacamole 180g,4.49,24.94,"['Produits du monde', 'Mexique - México', 'Produits apéritifs']",Monoprix Gourmet,True,False,false,1.0,WEEK,180g,[],https://courses.monoprix.fr/images-v3/0c44253f-c4a3-4340-9d37-d41e42b9d14a/974efc67-aafe-40c5-8f3c-d9ebe438c0cc/300x300.jpg
Charcuterie et Traiteur,65a27ac8-db14-4cc3-b003-524a03b1514b,MPX_4276292,Herta Lardons Nature 200g,2.75,13.75,"['Charcuterie et Traiteur', 'Charcuterie', 'Lardons, Dés et Poitrine', 'Lardon et Allumette']",Herta,True,False,false,3.0,WEEK,200g,[],https://courses.monoprix.fr/images-v3/0c44253f-c4a3-4340-9d37-d41e42b9d14a/ebeb5df6-b291-43a2-ac86-7733233e5818/300x300.jpg
Charcuterie et Traiteur,9c8de83c-f554-40f8-ad08-d7af1f28e23f,MPX_180101,Giraudet Quenelles Fraîches de Brochet 4x50g,4.19,20.95,"['Nos régions de France', 'Auvergne Rhône Alpes', 'Crozets, ravioles, quenelles et pâtes']",Giraudet,True,False,false,1.0,WEEK,200g,[],https://courses.monoprix.fr/images-v3/0c44253f-c4a3-4340-9d37-d41e42b9d14a/98c0efe3-4b1d-4fe1-9079-f0916bbd49e0/300x300.jpg
Charcuterie et Traiteur,38b12b3e-5d1e-4aa3-9d3d-fa4efb588058,MPX_4096961,Sodebo Pasta Box Fusilli aux fromages italiens 330g,3.99,12.09,"['Charcuterie et Traiteur', 'Pause Déjeuner', 'Plats cuisinés', 'Box']",Sodebo,True,False,false,5.0,DAY,330g,[],https://courses.monoprix.fr/images-v3/0c44253f-c4a3-4340-9d37-d41e42b9d14a/a5eb8de0-4618-4d68-bbee-1b38cf19ec8f/300x300.jpg
Charcuterie et Traiteur,849f782a-e803-4f5d-b9b2-52429a6e21e0,MPX_1240957,Monoprix Nem Porc + Sauce 300G,2.79,9.3,"['Mes marques Monoprix', 'Monoprix', 'Epicerie salée', 'Conserve et Plat Cuisiné']",Monoprix,True,False,false,1.0,WEEK,300g,[],https://courses.monoprix.fr/images-v3/0c44253f-c4a3-4340-9d37-d41e42b9d14a/aac3a490-766d-433a-9c6b-3e712696e93b/300x300.jpg
Charcuterie et Traiteur,3163653e-bd83-4a93-ba74-88cb5a8f6b58,MPX_1523958,Monoprix Chorizo Fort 225g,3.39,15.07,"['Charcuterie et Traiteur', 'Charcuterie', 'Saucisson sec et Chorizo', 'Chorizo']",Monoprix,True,False,false,4.0,WEEK,225g,[],https://courses.monoprix.fr/images-v3/0c44253f-c4a3-4340-9d37-d41e42b9d14a/22ae8624-9ba0-4839-a8b1-33b5a19f3722/300x300.jpg
Charcuterie et Traiteur,b52225e7-828b-4049-a9c6-9279c24cc308,MPX_2120290,Manuel De Montejo Chorizo 100G,2.99,29.9,"['Nos sélections', 'Inspiration du moment', '& Le Coin du marché', 'Charcuterie']",MANUEL DE MONTEJO,True,False,false,1.0,MONTH,100g,[],https://courses.monoprix.fr/images-v3/0c44253f-c4a3-4340-9d37-d41e42b9d14a/d10047cc-a297-437f-aab2-09b19f64c623/300x300.jpg
Charcuterie et Traiteur,af11d3ca-df26-4c57-a19c-c7d8ec842d7a,MPX_3500277,Rummo Gnocchi Di Patate 500g,3.29,6.58,"['Produits du monde', 'Italie - Italia', 'Pâtes, Riz et Risotto']",Rummo,True,False,false,6.0,MONTH,500g,[],https://courses.monoprix.fr/images-v3/0c44253f-c4a3-4340-9d37-d41e42b9d14a/f6427f95-d6d2-4ed1-ae23-7824add14adc/300x300.jpg
Charcuterie et Traiteur,8e8eea67-a874-4d63-b3e4-03a394c3c5df,MPX_6338642,Herta Le Bon Paris jambon à l'étouffée 4 tranches 140g,3.69,26.36,"['Charcuterie et Traiteur', 'Charcuterie', 'Jambon blanc']",Herta,True,False,false,5.0,DAY,140g,[],https://courses.monoprix.fr/images-v3/0c44253f-c4a3-4340-9d37-d41e42b9d14a/e51ba6a6-8cba-442e-8ca0-12493bb27661/300x300.jpg
Charcuterie et Traiteur,1f37f531-8dd8-4593-8b97-af71a89b8009,MPX_4219884,Monoprix Bio Crèpes moelleuses 210g,2.99,14.24,"['Nos sélections', 'Inspiration du moment', '& Frigo vide', 'Traiteur']",Monoprix Bio,True,False,false,6.0,DAY,210g,['Produit bio'],https://courses.monoprix.fr/images-v3/0c44253f-c4a3-4340-9d37-d41e42b9d14a/8b8672d5-b9b9-4f36-acac-bf8f29fc0a29/300x300.jpg
Charcuterie et Traiteur,91156bb9-845d-4e5c-87b8-6ca9c473dc32,MPX_1990975,Monoprix Lardons Nature Qualité Supérieure 200g,1.65,8.25,"['Charcuterie et Traiteur', 'Charcuterie', 'Lardons, Dés et Poitrine', 'Lardon et Allumette']",Monoprix,True,False,false,2.0,WEEK,200g,[],https://courses.monoprix.fr/images-v3/0c44253f-c4a3-4340-9d37-d41e42b9d14a/96a773cb-cd03-4f00-a858-8881ac4bfbe3/300x300.jpg
Charcuterie et Traiteur,7b37f4a4-4d68-424a-abf8-6ad8cab18918,MPX_1860599,Monoprix tortellini ricotta épinards aux œufs frais 300g,1.99,6.63,"['Mes marques Monoprix', 'Monoprix', 'Produits Frais', 'Traiteur']",Monoprix,True,False,false,2.0,WEEK,300g,[],https://courses.monoprix.fr/images-v3/0c44253f-c4a3-4340-9d37-d41e42b9d14a/ba377f3e-94eb-4810-bcc5-92bf0162ebbf/300x300.jpg
Charcuterie et Traiteur,bc5d0125-30a5-418c-83e1-a90894ad449c,MPX_4260969,Herta Lardons Nature sans nitrite 2x 75g,2.55,17.0,"['Charcuterie et Traiteur', 'Charcuterie', 'Lardons, Dés et Poitrine', 'Lardon et Allumette']",Herta,True,False,false,1.0,WEEK,150g,[],https://courses.monoprix.fr/images-v3/0c44253f-c4a3-4340-9d37-d41e42b9d14a/91ad905d-4b23-45de-842a-22d2d629d1c2/300x300.jpg
Charcuterie et Traiteur,6fd1a2ee-3944-43a1-a5dc-8223e5a77408,MPX_2204438,Fleury Michon Le Tranché Fin Jambon Dégustation -25% De Sel X4,3.45,28.75,"['Charcuterie et Traiteur', 'Charcuterie', 'Jambon blanc']",Fleury Michon,True,False,false,1.0,WEEK,120g,[],https://courses.monoprix.fr/images-v3/0c44253f-c4a3-4340-9d37-d41e42b9d14a/bc7086c8-a632-4612-a106-31aad244f190/300x300.jpg
Charcuterie et Traiteur,d79824ef-83d0-401a-bddd-39d13c905631,MPX_6602100,Lustucru gnocchi a poêler 325g,2.19,6.74,"['Charcuterie et Traiteur', 'Pâte fraîche, Gnocchi et Quenelle', 'Gnocchi']",Lustucru,True,False,false,1.0,WEEK,325g,[],https://courses.monoprix.fr/images-v3/0c44253f-c4a3-4340-9d37-d41e42b9d14a/4a1aa2ea-fe4c-4de1-93e3-9587dc23e3c2/300x300.jpg
Charcuterie et Traiteur,36ef0dc2-afed-4d42-9e1d-404aa026c3d3,MPX_1860600,Monoprix tagliatelles aux œufs frais 350g,1.25,3.57,"['Mes marques Monoprix', 'Ça vaut le coût !']",Monoprix,True,False,false,2.0,WEEK,350g,[],https://courses.monoprix.fr/images-v3/0c44253f-c4a3-4340-9d37-d41e42b9d14a/c1a4a79a-beea-4c26-b67c-0192629b55e2/300x300.jpg
Charcuterie et Traiteur,060c488a-689f-4c98-9b71-d87f1ca014c6,MPX_4232260,Rana Cappelleti Jambon Cru 250g,4.65,18.6,"['Charcuterie et Traiteur', 'Pâte fraîche, Gnocchi et Quenelle', 'Pâte fraîche']",Rana,True,False,false,1.0,WEEK,250g,[],https://courses.monoprix.fr/images-v3/0c44253f-c4a3-4340-9d37-d41e42b9d14a/727394fe-d67a-4e77-a2e6-9b2c886b711f/300x300.jpg
Charcuterie et Traiteur,a2b90c48-cc84-4fa4-9c4e-707843ff64d8,MPX_2987010,Fleury Michon Allumettes De Jambon Cuit 2X75 G,1.99,13.27,"['Charcuterie et Traiteur', 'Charcuterie', 'Lardons, Dés et Poitrine', 'Lardon et Allumette']",Fleury michon,True,False,false,1.0,WEEK,150g,[],https://courses.monoprix.fr/images-v3/0c44253f-c4a3-4340-9d37-d41e42b9d14a/e0514913-09e3-4518-8ee8-1df87abf6c64/300x300.jpg
Charcuterie et Traiteur,f40b420b-ead5-4a7d-8767-bad78c8d0114,MPX_3059296,Herta Le Bon Paris jambon fumé conservation sans nitrite 4x,3.15,22.5,"['Charcuterie et Traiteur', 'Charcuterie', 'Jambon blanc']",HERTA,True,False,false,1.0,WEEK,140g,[],https://courses.monoprix.fr/images-v3/0c44253f-c4a3-4340-9d37-d41e42b9d14a/c5bc50d1-3ac4-49df-ae12-e61e433539db/300x300.jpg
Charcuterie et Traiteur,fbefbe21-ba40-4182-8d1f-193fcca746a8,MPX_6602101,Lustucru gnocchi a poêler format maxi 520g,2.99,5.75,"['Nos sélections', 'Inspiration du moment', '& Sélection gros formats', 'Boucherie et Charcuterie']",Lustucru,True,False,false,1.0,WEEK,520g,[],https://courses.monoprix.fr/images-v3/0c44253f-c4a3-4340-9d37-d41e42b9d14a/ebbd29ac-cd54-4bc0-8c6f-25f9b947f435/300x300.jpg
Charcuterie et Traiteur,250fcd18-29d2-4a4d-83c3-550e2d830eee,MPX_1625707,Monoprix Bio Tagliatelles aux oeufs bio 250g,1.45,5.8,"['Mes marques Monoprix', 'Monoprix Bio', 'Produits Frais', 'Traiteur']",Monoprix Bio,True,False,false,1.0,WEEK,250g,['Produit bio'],https://courses.monoprix.fr/images-v3/0c44253f-c4a3-4340-9d37-d41e42b9d14a/a16f5e24-7986-424c-80fa-96501f2d7251/300x300.jpg
Charcuterie et Traiteur,433d48fe-223e-444e-b39b-91ca13a24b38,MPX_2188188,Atelier blini houmous extra le pot de 175g,3.69,21.09,"['Epicerie Salée', 'Produit apéritif', 'Tartinable et Produit de la Mer', 'Houmous et Tarama']",Atelier blini,True,False,false,1.0,WEEK,175g,[],https://courses.monoprix.fr/images-v3/0c44253f-c4a3-4340-9d37-d41e42b9d14a/e6b041cc-6db9-4c1b-9172-de02cc73b9cc/300x300.jpg
Charcuterie et Traiteur,bb746585-1150-48d0-b691-a0cc0c4e1726,MPX_2560380,Monoprix Gourmet Coppa Echine de Porc Sèche 80g,2.75,34.38,"['Nos sélections', 'Inspiration du moment', 'Sélection Charcuterie et Fromage']",Monoprix Gourmet,True,False,false,3.0,WEEK,80g,[],https://courses.monoprix.fr/images-v3/0c44253f-c4a3-4340-9d37-d41e42b9d14a/1057091f-8718-47d0-8529-c1339e4c0e8f/300x300.jpg
Charcuterie et Traiteur,7de7578a-c71a-49b7-ae76-8a31c057d027,MPX_2414119,Monoprix Rosette 100g,1.22,12.2,"['Charcuterie et Traiteur', 'Charcuterie', 'Charcuterie sèche tranchée', 'Rosette, Saucisson et Chorizo']",Monoprix,True,False,false,4.0,WEEK,100g,[],https://courses.monoprix.fr/images-v3/0c44253f-c4a3-4340-9d37-d41e42b9d14a/1e55829f-aa6d-4bde-8099-4e9ab77f9798/300x300.jpg
Charcuterie et Traiteur,588c6d36-f189-41b8-a53d-5a80ebef4f31,MPX_4524347,Bonduelle Carottes Râpées au Citron de Sicile 320g,1.79,5.59,"['Charcuterie et Traiteur', 'Salade et Sandwich', 'Crudités']",Bonduelle,True,False,false,4.0,DAY,320g,['Produit vegan'],https://courses.monoprix.fr/images-v3/0c44253f-c4a3-4340-9d37-d41e42b9d14a/7dc57c50-1081-4448-be7f-ecc27117f847/300x300.jpg
Charcuterie et Traiteur,8c254cf1-7149-4f4f-8c7c-9073d6a529e5,MPX_890807,Monoprix Bio Pâte Feuilletée Bio 250g,2.45,9.8,"['Mes marques Monoprix', 'Monoprix Bio', 'Produits Frais', 'Traiteur']",Monoprix Bio,True,False,false,1.0,WEEK,250g,['Produit bio'],https://courses.monoprix.fr/images-v3/0c44253f-c4a3-4340-9d37-d41e42b9d14a/0ebaa7d3-b5f3-4636-9e69-85a8e3df038d/300x300.jpg
Charcuterie et Traiteur,f2db4bd1-283d-41f6-a60c-a2540567a596,MPX_2507954,Monoprix Gourmet Jambon Au Torchon 240G,6.45,26.88,"['Nos sélections', 'Inspiration du moment', '& Le Coin du marché', 'Charcuterie']",Monoprix Gourmet,True,False,false,1.0,WEEK,240g,[],https://courses.monoprix.fr/images-v3/0c44253f-c4a3-4340-9d37-d41e42b9d14a/3d3add52-14b8-4b3a-b16f-9bf549469844/300x300.jpg
Charcuterie et Traiteur,42fa1609-4f94-4f8f-a445-745d3056a3a3,MPX_2548964,Fleury Michon Blanc De Poulet -25% De Sel X4,3.25,20.31,"['Charcuterie et Traiteur', 'Charcuterie', 'Charcuterie de volaille', 'Blanc de volaille']",Fleury Michon,True,False,false,1.0,WEEK,160g,[],https://courses.monoprix.fr/images-v3/0c44253f-c4a3-4340-9d37-d41e42b9d14a/48d74603-ce67-4106-812c-312bf9823502/300x300.jpg
Charcuterie et Traiteur,8a38e010-7a59-4e73-8da7-7097bac6dc30,MPX_888688,Citterio Taglio Fresco Jambon Cuit Grancotto Di Vignola 150G,5.15,34.33,"['Produits du monde', 'Italie - Italia', 'Mortadelle, Saucisson et Jambon cru']",CITTERIO FRANCE,True,False,false,1.0,WEEK,150g,[],https://courses.monoprix.fr/images-v3/0c44253f-c4a3-4340-9d37-d41e42b9d14a/84d01aac-6c88-46ee-9e05-a3b0bbab6d8c/300x300.jpg
Charcuterie et Traiteur,0602508e-5971-466d-b93d-139332dc58f4,MPX_3599265,Monoprix Jambon Cuit 4 Tranches Avec Couenne 160g,1.99,12.44,"['Nos sélections', 'Inspiration du moment', '& Le Coin du marché', 'Charcuterie']",Monoprix,True,False,false,1.0,WEEK,160g,[],https://courses.monoprix.fr/images-v3/0c44253f-c4a3-4340-9d37-d41e42b9d14a/5ec7d4b4-fab1-4405-9a2c-56d0ce53251f/300x300.jpg
Charcuterie et Traiteur,f34c5bc2-4ff3-4855-82b6-a8a20b4b9bf0,MPX_1118630,Monoprix Poitrine Fumée Sans Couenne 120G,1.95,16.25,"['Nos sélections', 'Inspiration du moment', '& Notre sélection brunch', 'Charcuterie']",Monoprix,True,False,false,1.0,WEEK,120g,[],https://courses.monoprix.fr/images-v3/0c44253f-c4a3-4340-9d37-d41e42b9d14a/f4c799ca-bf08-4ede-8ed1-3708582f8ac1/300x300.jpg
Charcuterie et Traiteur,a686e24e-56da-492c-9c30-eda6b9d37df2,MPX_4199218,Monoprix Blanc de Poulet 4 tranches 160g,1.75,10.94,"['Charcuterie et Traiteur', 'Charcuterie', 'Charcuterie de volaille', 'Blanc de volaille']",Monoprix,True,False,false,1.0,WEEK,160g,[],https://courses.monoprix.fr/images-v3/0c44253f-c4a3-4340-9d37-d41e42b9d14a/167d7972-451b-4cb6-900f-b91d84c56d22/300x300.jpg
Charcuterie et Traiteur,171c869c-a964-48a0-9a15-0ff665eea29b,MPX_3209670,Monoprix Bio Houmous à l'huile d'olive vierge extra bio 180g,3.79,21.06,"['Produits du monde', 'Oriental', 'Sauce, base culinaire et condiments']",Monoprix Bio,True,False,false,1.0,WEEK,180g,['Produit bio'],https://courses.monoprix.fr/images-v3/0c44253f-c4a3-4340-9d37-d41e42b9d14a/83b6b4b8-05d7-48ec-875a-a602480975fb/300x300.jpg
Charcuterie et Traiteur,1a8783ce-0fef-48cc-b206-0dee9d500901,MPX_3418276,Monoprix Gourmet Pâte Feuilletée 230g,1.95,8.48,"['Noël', 'Menu des fêtes', 'Les Plats et Accompagnements', 'Les Accompagnements']",Monoprix Gourmet,True,False,false,1.0,WEEK,230g,[],https://courses.monoprix.fr/images-v3/0c44253f-c4a3-4340-9d37-d41e42b9d14a/adc839cb-f603-449e-8336-9b9ab15c89fa/300x300.jpg
Charcuterie et Traiteur,77b1934f-baa5-4253-93c1-56a7ce210c34,MPX_2838425,Herta pâte à pizza fine et rectangulaire 390g,2.25,5.77,"['Nos sélections', 'Inspiration du moment', '& Tout pour faire sa pizza', 'Pâte à pizza']",Herta,True,False,false,1.0,WEEK,390g,[],https://courses.monoprix.fr/images-v3/0c44253f-c4a3-4340-9d37-d41e42b9d14a/40c6f057-39ef-46a5-8af4-123cb2472d21/300x300.jpg
Charcuterie et Traiteur,bbbdf4e5-d00d-4567-b8a0-2521cb3f500c,MPX_3267631,Villani Chiffonnade De Jambon Cru Pastorello. 12 Mois. Sans Conservateur,4.25,53.13,"['Produits du monde', 'Italie - Italia', 'Mortadelle, Saucisson et Jambon cru']",VILLANI,True,False,false,2.0,WEEK,80g,[],https://courses.monoprix.fr/images-v3/0c44253f-c4a3-4340-9d37-d41e42b9d14a/052f09ba-51a3-453d-8430-208193ba8112/300x300.jpg
Charcuterie et Traiteur,80af7bcb-2ac7-46b3-b519-ed6ddd553af0,MPX_1639913,Monoprix Pâte À Pizza Fine 260g,1.05,4.04,"['Nos recettes', 'Recettes du Monde', '& Pizza Chorizo Mozzarella Roquette']",Monoprix,True,False,false,1.0,WEEK,260g,[],https://courses.monoprix.fr/images-v3/0c44253f-c4a3-4340-9d37-d41e42b9d14a/c88a4ef9-b8d1-4345-acfb-bf29b75b651b/300x300.jpg
Charcuterie et Traiteur,9b2e17a7-bb81-488d-a8a1-71b36c389e9e,MPX_890806,Monoprix Bio Pâte Brisée Bio 250G,2.45,9.8,"['Mes marques Monoprix', 'Monoprix Bio', 'Produits Frais', 'Traiteur']",Monoprix Bio,True,False,false,1.0,WEEK,250g,['Produit bio'],https://courses.monoprix.fr/images-v3/0c44253f-c4a3-4340-9d37-d41e42b9d14a/6f8f79c6-bbf9-45f0-afe8-653843df939a/300x300.jpg
Charcuterie et Traiteur,3dd9e02a-d4be-4f77-bdbf-7ef909bab902,MPX_3267632,Villani Chiffonnade De Jambon Cuit 80g,3.15,39.38,"['Nos sélections', 'Inspiration du moment', '& Le Coin du marché', 'Charcuterie']",VILLANI,True,False,false,1.0,WEEK,80g,[],https://courses.monoprix.fr/images-v3/0c44253f-c4a3-4340-9d37-d41e42b9d14a/c8bc5cb3-02d1-48fc-8e88-dcc3b0764dec/300x300.jpg
Charcuterie et Traiteur,c15a26d8-3b67-44a4-94b8-9560fde55bdb,MPX_6720912,"Rana Pâtes Fraîches Girasoli Cèpes, Champignons rôtis et Ricotta 250g",4.29,17.16,"['Charcuterie et Traiteur', 'Pâte fraîche, Gnocchi et Quenelle', 'Pâte fraîche']",Rana,True,False,false,1.0,WEEK,250g,[],https://courses.monoprix.fr/images-v3/0c44253f-c4a3-4340-9d37-d41e42b9d14a/15e78464-6b22-46fb-8e7e-fd3e54b59a01/300x300.jpg
Charcuterie et Traiteur,4c708a7a-6a00-4cfc-b756-b59b58df244e,MPX_4220061,Herta Tarte en Or Pâte à Tarte Feuilletée 230g,1.75,7.61,"['Charcuterie et Traiteur', 'Pâte à tarte et Pâte à pizza', 'Pâte à tarte']",Herta,True,False,false,1.0,WEEK,230g,[],https://courses.monoprix.fr/images-v3/0c44253f-c4a3-4340-9d37-d41e42b9d14a/b841b8d3-c1ec-4a0c-b09b-489544a73571/300x300.jpg
Charcuterie et Traiteur,970ef867-aca4-456b-8a5c-89a26229d7bd,MPX_4123767,Fleury Michon Jambon Simplement Bio X4,5.45,45.42,"['Charcuterie et Traiteur', 'Charcuterie', 'Jambon blanc']",Fleury Michon,True,False,false,1.0,WEEK,120g,['Produit bio'],https://courses.monoprix.fr/images-v3/0c44253f-c4a3-4340-9d37-d41e42b9d14a/40596449-fc4d-4bb9-8fbe-82aaf64d8a47/300x300.jpg
Charcuterie et Traiteur,caabb923-d17d-4ae2-9579-b79b19114bc2,MPX_888690,Citterio Mortadelle de Bologne IGP 150g,3.59,23.93,"['Produits du monde', 'Italie - Italia', 'Mortadelle, Saucisson et Jambon cru']",CITTERIO FRANCE,True,False,false,2.0,WEEK,150g,[],https://courses.monoprix.fr/images-v3/0c44253f-c4a3-4340-9d37-d41e42b9d14a/e24800b2-32ee-4485-ab20-d6310e303d53/300x300.jpg
Charcuterie et Traiteur,dd301473-4bb0-4c3d-b8ed-989a623c4b35,MPX_1468618,Monoprix Jambon Sec 120g,3.39,28.25,"['Charcuterie et Traiteur', 'Charcuterie', 'Jambon cru']",Monoprix,True,False,false,1.0,MONTH,120g,[],https://courses.monoprix.fr/images-v3/0c44253f-c4a3-4340-9d37-d41e42b9d14a/e99f4c09-e49d-41d3-9e4c-0026df7a9bbc/300x300.jpg
Charcuterie et Traiteur,12997670-ce56-4e17-8066-e72293412b58,MPX_1180336,Monoprix Bio Jambon Supérieur 160G X4,6.15,38.44,"['Charcuterie et Traiteur', 'Charcuterie', 'Jambon blanc']",Monoprix Bio,True,False,false,1.0,WEEK,160g,['Produit bio'],https://courses.monoprix.fr/images-v3/0c44253f-c4a3-4340-9d37-d41e42b9d14a/c820cc0e-5f6d-464d-b758-5ebc637cdc8e/300x300.jpg
Charcuterie et Traiteur,be246aba-f7b9-4a26-9ca1-6126fdbe7761,MPX_4276293,Herta Allumettes Fumés Sans Nitrite 2x75g,3.15,21.0,"['Charcuterie et Traiteur', 'Charcuterie', 'Lardons, Dés et Poitrine', 'Lardon et Allumette']",Herta,True,False,false,1.0,WEEK,2 x 75g,[],https://courses.monoprix.fr/images-v3/0c44253f-c4a3-4340-9d37-d41e42b9d14a/72afbb87-4719-4038-ac37-3c348e9d08a9/300x300.jpg
Charcuterie et Traiteur,79d40fc6-6474-46a2-97bc-2cf685ddebcc,MPX_3740906,Herta Tarte en Or Pâte Brisée 230g,1.75,7.61,"['Charcuterie et Traiteur', 'Pâte à tarte et Pâte à pizza', 'Pâte à tarte']",Herta,True,False,false,1.0,WEEK,230g,[],https://courses.monoprix.fr/images-v3/0c44253f-c4a3-4340-9d37-d41e42b9d14a/00a7e45f-7c96-43b3-8b1f-1be54ca474fb/300x300.jpg
Charcuterie et Traiteur,e0768bb4-76b8-4f5f-9d28-130c3b89fdfe,MPX_6602102,Lustucru gnocchi a poêler format XXL 720g,3.99,5.54,"['Charcuterie et Traiteur', 'Pâte fraîche, Gnocchi et Quenelle', 'Gnocchi']",Lustucru,True,False,false,1.0,WEEK,720g,[],https://courses.monoprix.fr/images-v3/0c44253f-c4a3-4340-9d37-d41e42b9d14a/2da636ae-d7f6-41c0-b3b5-7a764d095ae7/300x300.jpg
Charcuterie et Traiteur,d3048ac9-068d-474c-9690-0006c46350d1,MPX_1044711,Monoprix Bio carottes râpées bio 200g,2.09,10.45,"['Charcuterie et Traiteur', 'Salade et Sandwich', 'Crudités']",Monoprix Bio,True,False,false,5.0,DAY,200g,['Produit bio'],https://courses.monoprix.fr/images-v3/0c44253f-c4a3-4340-9d37-d41e42b9d14a/c23ab2fc-0259-48e0-84ab-ad2ee9b211c3/300x300.jpg
Charcuterie et Traiteur,63a22e53-f0ac-4c21-bfba-bc356d3f6a5a,MPX_2533794,Herta Knacki saucisses 100% pur porc sel réduit x4,1.95,13.93,"['Charcuterie et Traiteur', 'Charcuterie', 'Knack, Saucisse et Boudin', 'Knack']",Herta,True,False,false,1.0,WEEK,140g,[],https://courses.monoprix.fr/images-v3/0c44253f-c4a3-4340-9d37-d41e42b9d14a/516883fb-2d11-469c-9573-f2ded28500ba/300x300.jpg
Charcuterie et Traiteur,cde08fba-d307-4d79-b61d-4d670e508803,MPX_4199219,Monoprix Blanc de Poulet 6 tranches 240g,2.39,9.96,"['Charcuterie et Traiteur', 'Charcuterie', 'Charcuterie de volaille', 'Blanc de volaille']",Monoprix,True,False,false,1.0,WEEK,240g,[],https://courses.monoprix.fr/images-v3/0c44253f-c4a3-4340-9d37-d41e42b9d14a/acf7c6a7-731e-46ad-9fec-21adc43ed6cc/300x300.jpg
Charcuterie et Traiteur,967469f0-2628-4400-a352-b86a0975b372,MPX_3766372,Stoeffler Pâtes Fraîches Spaetzle à Poêler 300g,3.39,11.3,"['Nos régions de France', 'Grand Est', 'Alsace']",Stoeffler,True,False,false,1.0,WEEK,300g,['Produit végétarien'],https://courses.monoprix.fr/images-v3/0c44253f-c4a3-4340-9d37-d41e42b9d14a/c4f6e659-7db2-4712-a3c8-b2354a83224d/300x300.jpg
Charcuterie et Traiteur,5aa43c69-afd2-4e89-9cae-bbe187620c10,MPX_2469018,Sodebo Pizza Dolce Prosciutto Jambon Mozzarella 400g,4.45,11.13,"['Charcuterie et Traiteur', 'Pizza, Quiche et Tarte', 'Pizza familiale']",Sodebo,True,False,false,1.0,WEEK,400g,[],https://courses.monoprix.fr/images-v3/0c44253f-c4a3-4340-9d37-d41e42b9d14a/3f84d48d-1f63-4a80-9700-7510bc97c3cd/300x300.jpg
Charcuterie et Traiteur,78596089-fa2d-4630-9b5d-f9f1e0f921ba,MPX_4788087,Fleury Michon Blanc de Dinde doré au four x4 Tranches 160g,2.99,18.69,"['Charcuterie et Traiteur', 'Charcuterie', 'Charcuterie de volaille', 'Blanc de volaille']",Fleury michon,True,False,false,1.0,WEEK,160g,[],https://courses.monoprix.fr/images-v3/0c44253f-c4a3-4340-9d37-d41e42b9d14a/c2253c91-07b2-44fd-a974-3ababc423b5c/300x300.jpg
Charcuterie et Traiteur,00c7a0ee-ae62-40df-849a-74f792730811,MPX_2158196,Monoprix Gourmet Saucisses de Montbéliard fumées et cuites 250g,8.49,33.96,"['Nos sélections', 'Inspiration du moment', '& Barbecue', 'Boucherie et Volaille']",Monoprix Gourmet,True,False,false,2.0,WEEK,250g,[],https://courses.monoprix.fr/images-v3/0c44253f-c4a3-4340-9d37-d41e42b9d14a/c9165367-11a4-485a-b415-7aba96b486d3/300x300.jpg
Charcuterie et Traiteur,ab29826c-3b7f-4093-a228-a20e5fc7db64,MPX_3778147,Saint Jean Ravioles du Dauphiné au Comté AOP & Persil 240g,4.59,19.13,"['Nos régions de France', 'Auvergne Rhône Alpes', 'Crozets, ravioles, quenelles et pâtes']",Saint-Jean,True,False,false,1.0,WEEK,240g,[],https://courses.monoprix.fr/images-v3/0c44253f-c4a3-4340-9d37-d41e42b9d14a/031da9a1-22b7-43bb-b45c-b8defc637ccb/300x300.jpg
Charcuterie et Traiteur,835d0716-767a-49e5-a316-568eb82a1d73,MPX_2587058,Monoprix Bio Gnocchi à poêler bio 300g,3.55,11.83,"['Nos sélections', 'Inspiration du moment', '& Frigo vide', 'Traiteur']",Monoprix Bio,True,False,false,1.0,WEEK,300g,['Produit bio'],https://courses.monoprix.fr/images-v3/0c44253f-c4a3-4340-9d37-d41e42b9d14a/36944d4c-4891-4ffc-836f-9b8628130671/300x300.jpg
Charcuterie et Traiteur,a7487161-4ab7-4cca-9d4f-73559f6aa09d,MPX_1455028,Monoprix Houmous 175g,1.99,11.37,"['Produits du monde', 'Oriental', 'Sauce, base culinaire et condiments']",Monoprix,True,False,false,1.0,WEEK,175g,[],https://courses.monoprix.fr/images-v3/0c44253f-c4a3-4340-9d37-d41e42b9d14a/5244dfff-0a0f-45c1-9c99-76f92f67589f/300x300.jpg
Charcuterie et Traiteur,30600b6a-90de-452a-b0bc-3d1015741a13,MPX_4788088,Fleury Michon Blanc de Poulet Doré au Four x4 Tranches 160 g,2.69,16.81,"['Charcuterie et Traiteur', 'Charcuterie', 'Charcuterie de volaille', 'Blanc de volaille']",Fleury michon,True,False,false,1.0,WEEK,160g,[],https://courses.monoprix.fr/images-v3/0c44253f-c4a3-4340-9d37-d41e42b9d14a/374fde9c-8ca5-4dc4-a9c0-c0f52912b64d/300x300.jpg
Charcuterie et Traiteur,60f7f0b9-7510-4bdb-b2e0-00d5e1a954b0,MPX_1612469,Monoprix Carotte râpées Vinaigrette Allégée 300g,0.85,2.83,"['Charcuterie et Traiteur', 'Salade et Sandwich', 'Crudités']",Monoprix,True,False,false,4.0,DAY,300g,[],https://courses.monoprix.fr/images-v3/0c44253f-c4a3-4340-9d37-d41e42b9d14a/58dd00c1-e90b-40ab-b153-6739989e2a90/300x300.jpg
Charcuterie et Traiteur,ce830c7e-a55a-4fde-b14f-2f66e1829e08,MPX_4348368,Lustucru Gnocchi aux pomme de terre 390g,2.19,5.62,"['Charcuterie et Traiteur', 'Pâte fraîche, Gnocchi et Quenelle', 'Gnocchi']",Lustucru,True,False,false,1.0,WEEK,390g,[],https://courses.monoprix.fr/images-v3/0c44253f-c4a3-4340-9d37-d41e42b9d14a/ab39f669-5742-4147-8bf6-7fd79683186f/300x300.jpg
Charcuterie et Traiteur,b6dcc3fe-4256-4f37-80cb-f7a30c377d55,MPX_1255727,Citterio Salami De Milan Taglio Fresco 70G,2.65,37.86,"['Produits du monde', 'Italie - Italia', 'Mortadelle, Saucisson et Jambon cru']",CITTERIO FRANCE,True,False,false,2.0,WEEK,70g,[],https://courses.monoprix.fr/images-v3/0c44253f-c4a3-4340-9d37-d41e42b9d14a/403a2b49-8038-41dc-90df-afae92d94562/300x300.jpg
Charcuterie et Traiteur,8e62ec8d-7216-4f68-bf15-a000dc89c825,MPX_2560374,Monoprix Gourmet Speck fumé au bois de hêtre 80g,4.49,56.13,"['Nos sélections', 'Inspiration du moment', 'Sélection Charcuterie et Fromage']",Monoprix Gourmet,True,False,false,2.0,WEEK,80g,[],https://courses.monoprix.fr/images-v3/0c44253f-c4a3-4340-9d37-d41e42b9d14a/ed2ae0fb-2c6b-4a9c-83e6-286d6aa38e5b/300x300.jpg
Charcuterie et Traiteur,73666ee5-87cb-43f4-9b6a-54ca0054d386,MPX_4889783,Herta Knacki Original x6 pièces,2.99,14.24,"['Charcuterie et Traiteur', 'Charcuterie', 'Knack, Saucisse et Boudin', 'Knack']",Herta,True,False,false,1.0,WEEK,210g,[],https://courses.monoprix.fr/images-v3/0c44253f-c4a3-4340-9d37-d41e42b9d14a/a7e4e818-ee96-4fdd-be10-88b3939ba3c0/300x300.jpg
Charcuterie et Traiteur,8a1eb21d-6ddc-4412-8387-027568390a89,MPX_1483241,Monoprix lardon allumette fumé 2x100g,2.25,11.25,"['Charcuterie et Traiteur', 'Charcuterie', 'Lardons, Dés et Poitrine', 'Lardon et Allumette']",Monoprix,True,False,false,2.0,WEEK,200g,[],https://courses.monoprix.fr/images-v3/0c44253f-c4a3-4340-9d37-d41e42b9d14a/59bce18f-899a-4f2e-838a-af0ffb55b680/300x300.jpg
Charcuterie et Traiteur,3b41179e-5a92-456e-a1f3-2bd801417480,MPX_1175142,Monoprix Gourmet Flûtes au sésame fines et croquantes 125g,2.49,19.92,"['Epicerie Salée', 'Produit apéritif', 'Chips et Biscuit Apéritif', 'Gressin, Flûte et Torsade']",Monoprix Gourmet,True,False,false,2.0,MONTH,125g,[],https://courses.monoprix.fr/images-v3/0c44253f-c4a3-4340-9d37-d41e42b9d14a/11dafeee-9205-49c0-bf41-7825459bf356/300x300.jpg
Charcuterie et Traiteur,9a25ba39-38eb-4d21-956e-76cb8ab75c7a,MPX_4231871,Fleury Michon Filet de Poulet Rôti Sans Nitrite 116g,3.29,28.36,"['Charcuterie et Traiteur', 'Charcuterie', 'Charcuterie de volaille']",Fleury michon,True,False,false,1.0,WEEK,116g,[],https://courses.monoprix.fr/images-v3/0c44253f-c4a3-4340-9d37-d41e42b9d14a/de25b0c7-28de-4903-a3f4-eb4167ae78d3/300x300.jpg
Charcuterie et Traiteur,9ef8c98c-b977-4405-9013-6d961d18c378,MPX_1414544,Herta bacon fumé 150g,2.75,18.33,"['Charcuterie et Traiteur', 'Charcuterie', 'Charcuterie sèche tranchée', 'Bacon, Salami et Mortadelle']",Herta,True,False,false,1.0,WEEK,150g,[],https://courses.monoprix.fr/images-v3/0c44253f-c4a3-4340-9d37-d41e42b9d14a/5079d637-a405-4237-a691-39a2d5a29540/300x300.jpg
Charcuterie et Traiteur,3040f674-3624-43db-9f59-9201a5dc8b40,MPX_3418280,Monoprix Gourmet Pâte Brisée 230g,1.85,8.04,"['Nos sélections', 'Inspiration du moment', '& Frigo vide', 'Traiteur']",Monoprix Gourmet,True,False,false,1.0,WEEK,230g,[],https://courses.monoprix.fr/images-v3/0c44253f-c4a3-4340-9d37-d41e42b9d14a/dda2c3ab-3ca1-4db9-b9d8-6fca4a2a43f1/300x300.jpg
Charcuterie et Traiteur,b74a43c1-55e6-4356-8ef3-0ae7106b9c5c,MPX_2133928,Atelier Blini Tarama Aux Œufs De Cabillaud Le Pot De 175G,4.95,28.29,"['Epicerie Salée', 'Produit apéritif', 'Tartinable et Produit de la Mer', 'Houmous et Tarama']",Atelier blini,True,False,false,1.0,WEEK,175g,['Produit bio'],https://courses.monoprix.fr/images-v3/0c44253f-c4a3-4340-9d37-d41e42b9d14a/746705ce-0c3e-4e57-8bca-d6a8e60e5022/300x300.jpg
Charcuterie et Traiteur,dd40f2a6-4e5d-4fec-b552-758244ae6328,MPX_2975676,Fleury Michon Emincés De Poulet Rôti 2X75 G,3.59,23.93,"['Charcuterie et Traiteur', 'Charcuterie', 'Lardons, Dés et Poitrine', 'Dés et Emincé']",Fleury Michon,True,False,false,1.0,WEEK,150g,[],https://courses.monoprix.fr/images-v3/0c44253f-c4a3-4340-9d37-d41e42b9d14a/697f3810-973a-41c4-91ce-aad94e1cc495/300x300.jpg
Charcuterie et Traiteur,4c6238fc-83d0-47ee-b1eb-f5e51cb08ba2,MPX_4247043,Fleury Michon Blanc de Poulet Sans Nitrite 130g,2.99,23.0,"['Charcuterie et Traiteur', 'Charcuterie', 'Charcuterie de volaille']",Fleury michon,True,False,false,1.0,WEEK,130g,[],https://courses.monoprix.fr/images-v3/0c44253f-c4a3-4340-9d37-d41e42b9d14a/e4b65e66-7eb2-4ada-81a2-e4b71b9040b6/300x300.jpg
Charcuterie et Traiteur,8f249ff1-81a3-4fde-999f-d403d5c3d0a5,MPX_1684340,Monoprix Mini blinis 135g,1.19,8.81,"['Pain et Viennoiserie', 'Toast, Canapé et Blini', 'Blini']",Monoprix,True,False,false,1.0,WEEK,135g,[],https://courses.monoprix.fr/images-v3/0c44253f-c4a3-4340-9d37-d41e42b9d14a/bf07acf2-daa9-43e3-b74f-7d1c90cc849c/300x300.jpg
Charcuterie et Traiteur,c33cb0e5-0ff8-4a75-aac6-f01b54f2a660,MPX_4219523,Rana Tortellini Ricotta Epinard 250g,4.65,18.6,"['Charcuterie et Traiteur', 'Pâte fraîche, Gnocchi et Quenelle', 'Pâte fraîche']",Rana,True,False,false,1.0,WEEK,250g,[],https://courses.monoprix.fr/images-v3/0c44253f-c4a3-4340-9d37-d41e42b9d14a/57e5d6ff-8d69-412a-b57b-48172b30fccc/300x300.jpg
Charcuterie et Traiteur,984c99b8-5ca0-42db-84ff-c56a7e3f9b85,MPX_3416830,Fleury Michon Blanc De Poulet -25% De Sel Tranches Fines X8,4.59,19.13,"['Charcuterie et Traiteur', 'Charcuterie', 'Charcuterie de volaille', 'Blanc de volaille']",Fleury Michon,True,False,false,1.0,WEEK,240g,[],https://courses.monoprix.fr/images-v3/0c44253f-c4a3-4340-9d37-d41e42b9d14a/b9c8c878-066e-4d4e-b5fa-d06287589918/300x300.jpg
Charcuterie et Traiteur,7e277221-4b66-445b-9440-b92fa038c85b,MPX_2664975,Monoprix Allumettes de Bacon Fumé 200g,2.39,11.95,"['Charcuterie et Traiteur', 'Charcuterie', 'Lardons, Dés et Poitrine', 'Lardon et Allumette']",Monoprix,True,False,false,2.0,WEEK,200g,[],https://courses.monoprix.fr/images-v3/0c44253f-c4a3-4340-9d37-d41e42b9d14a/eb0dcc4e-7428-427b-a6d5-380806d56fd7/300x300.jpg
Charcuterie et Traiteur,c915d5b6-94d7-4500-95c9-55c46bbef3f3,MPX_3962667,Monoprix Bio Ravioli ricotta épinard 250g,3.79,15.16,"['Nos sélections', 'Inspiration du moment', '& Frigo vide', 'Traiteur']",Monoprix Bio,True,False,false,1.0,WEEK,250g,['Produit bio'],https://courses.monoprix.fr/images-v3/0c44253f-c4a3-4340-9d37-d41e42b9d14a/38e4875d-4f2b-43f2-8a31-7023b06fa502/300x300.jpg
Charcuterie et Traiteur,9b91242e-e7dd-46fc-999e-2db18e3c10cf,MPX_899119,Fleury Michon Blanc De Poulet -25% De Sel X2,1.89,23.63,"['Charcuterie et Traiteur', 'Charcuterie', 'Charcuterie de volaille', 'Blanc de volaille']",Fleury michon,True,False,false,1.0,WEEK,80g,[],https://courses.monoprix.fr/images-v3/0c44253f-c4a3-4340-9d37-d41e42b9d14a/e2499bef-62b4-47ff-9620-4791ca0ee227/300x300.jpg
Charcuterie et Traiteur,09fc10f2-683f-4d5f-a33a-36f9ff4be042,MPX_2005643,Demoizet Boudin Blanc De Rethel 230G,4.99,21.7,"['Nos régions de France', 'Grand Est', 'Champagne-Ardenne']",Demoizet,True,False,false,1.0,WEEK,230g,[],https://courses.monoprix.fr/images-v3/0c44253f-c4a3-4340-9d37-d41e42b9d14a/61b62c2a-a0ba-4c02-919f-4326c072356b/300x300.jpg
Charcuterie et Traiteur,1e8bcf52-234f-4811-866d-9f75074487b8,MPX_6338636,Herta Le Bon Paris jambon à la broche sans nitrite 4 tranches 140g,4.35,31.07,"['Charcuterie et Traiteur', 'Charcuterie', 'Jambon blanc']",Herta,True,False,false,1.0,WEEK,140g,[],https://courses.monoprix.fr/images-v3/0c44253f-c4a3-4340-9d37-d41e42b9d14a/085cf026-a415-4b67-b8e3-0588ba2428bd/300x300.jpg
Charcuterie et Traiteur,481e7bd3-47a1-41b1-805d-772c802a80f2,MPX_1044816,Monoprix Bio Jambon Supérieur Découenné Dégraissé 80G X2,3.75,46.88,"['Charcuterie et Traiteur', 'Charcuterie', 'Jambon blanc']",Monoprix Bio,True,False,false,1.0,WEEK,80g,['Produit bio'],https://courses.monoprix.fr/images-v3/0c44253f-c4a3-4340-9d37-d41e42b9d14a/2e73451b-943d-4fbe-a72f-f78b5e2c0069/300x300.jpg
Charcuterie et Traiteur,21936b36-2123-40d4-b0e2-6e2284cb5982,MPX_2379690,Mon Moment Choucroute 410g,6.49,15.83,"['Nos régions de France', 'Grand Est', 'Alsace']",Stoeffler,True,False,false,1.0,WEEK,0.41kg,[],https://courses.monoprix.fr/images-v3/0c44253f-c4a3-4340-9d37-d41e42b9d14a/f062dccb-391a-42af-aa8b-17b7b8f9eff0/300x300.jpg
Charcuterie et Traiteur,37db1879-40c8-4c2f-b63b-0dd0a440274c,MPX_3766392,Atelier blini recette fouetée au fromage frais échalotte et ciboulette 140g,3.89,27.79,"['Epicerie Salée', 'Produit apéritif', 'Tartinable et Produit de la Mer', 'Tapenade et Autre Tartinable']",Atelier blini,True,False,false,1.0,WEEK,140g,[],https://courses.monoprix.fr/images-v3/0c44253f-c4a3-4340-9d37-d41e42b9d14a/ba32ee62-6d18-4878-9a82-961841198f7b/300x300.jpg
Charcuterie et Traiteur,73cd67f6-c7da-4ed2-8c53-654c46ceac63,MPX_5257513,Fleury Michon Blanc De Poulet X2 Tranches 65G,1.69,26.0,"['Charcuterie et Traiteur', 'Charcuterie', 'Charcuterie de volaille', 'Blanc de volaille']",Fleury Michon,True,False,false,1.0,WEEK,65g,[],https://courses.monoprix.fr/images-v3/0c44253f-c4a3-4340-9d37-d41e42b9d14a/a939ba06-5c26-4027-9935-ae9146b6c850/300x300.jpg
Charcuterie et Traiteur,17c37339-709f-4daa-89a9-8680636df3c5,MPX_1859731,Monoprix Galettes De Blé Noir Jambon Emmental X2 300G,4.15,13.83,"['Mes marques Monoprix', 'Monoprix', 'Produits Frais', 'Traiteur']",Monoprix,True,False,false,6.0,DAY,300g,[],https://courses.monoprix.fr/images-v3/0c44253f-c4a3-4340-9d37-d41e42b9d14a/082accee-f072-4a31-88ad-1cdbcff6ffc8/300x300.jpg
Charcuterie et Traiteur,05447560-8a66-4f8f-ab78-2e995bcdbb5b,MPX_568332,Monoprix Bio taboulé oriental 200g,2.25,11.25,"['Charcuterie et Traiteur', 'Salade et Sandwich', 'Crudités']",Monoprix Bio,True,False,false,6.0,DAY,200g,['Produit bio'],https://courses.monoprix.fr/images-v3/0c44253f-c4a3-4340-9d37-d41e42b9d14a/7a826610-bf39-4e78-921f-4140e6d9fcae/300x300.jpg
Charcuterie et Traiteur,9b962747-a209-480c-b9a2-2d49343bfc36,MPX_1860596,Monoprix tortellini jambon cru aux œufs frais 300g,2.09,6.97,"['Mes marques Monoprix', 'Monoprix', 'Produits Frais', 'Traiteur']",Monoprix,True,False,false,2.0,WEEK,300g,[],https://courses.monoprix.fr/images-v3/0c44253f-c4a3-4340-9d37-d41e42b9d14a/7c89cf55-e1ed-4d50-a4d1-e475ccb9ef01/300x300.jpg
Charcuterie et Traiteur,26415a6f-df79-40e2-a104-94bfac972718,MPX_2863236,Monoprix Gourmet Tarama Premium 180g,2.99,16.61,"['Epicerie Salée', 'Produit apéritif', 'Tartinable et Produit de la Mer', 'Houmous et Tarama']",Monoprix Gourmet,True,False,false,1.0,WEEK,180g,[],https://courses.monoprix.fr/images-v3/0c44253f-c4a3-4340-9d37-d41e42b9d14a/38bbc271-9d67-4f17-805e-5e88c777569b/300x300.jpg
Charcuterie et Traiteur,70097e64-1e16-463c-8842-e6e634a57895,MPX_4055139,Herta Tendre Croc' Comté Jambon 200G,2.89,14.45,"['Charcuterie et Traiteur', 'Croque-monsieur, Galette et Nem', 'Croque-monsieur et Bun']",Herta,True,False,false,6.0,DAY,200g,[],https://courses.monoprix.fr/images-v3/0c44253f-c4a3-4340-9d37-d41e42b9d14a/1c626020-9447-4e42-a6b2-025d00751455/300x300.jpg
Charcuterie et Traiteur,5fec4223-f0df-44d0-845e-ac8581f5cfec,MPX_2838424,Herta pâte à pizza fine et ronde 265g,1.95,7.36,"['Charcuterie et Traiteur', 'Pâte à tarte et Pâte à pizza', 'Pâte à pizza']",Herta,True,False,false,1.0,WEEK,265g,[],https://courses.monoprix.fr/images-v3/0c44253f-c4a3-4340-9d37-d41e42b9d14a/e7bda77e-0922-4c7d-91a0-2496a341f9c1/300x300.jpg
Charcuterie et Traiteur,ba3cf249-9afe-444d-ae3c-d30649863802,MPX_4124084,Fleury Michon Jambon Simplement Bio X2,3.59,59.83,"['Charcuterie et Traiteur', 'Charcuterie', 'Jambon blanc']",Fleury michon,True,False,false,1.0,WEEK,60g,['Produit bio'],https://courses.monoprix.fr/images-v3/0c44253f-c4a3-4340-9d37-d41e42b9d14a/ab48e694-1a60-4724-a583-5ee81a90a5ea/300x300.jpg
Charcuterie et Traiteur,8dac4a0c-a59b-4046-8d68-ec3e871ce027,MPX_6610404,Fleury Michon Rôti de Poulet 100% Filet x4 Tranches 150g,3.45,23.0,"['Charcuterie et Traiteur', 'Charcuterie', 'Charcuterie de volaille', 'Blanc de volaille']",Fleury michon,True,False,false,1.0,WEEK,150g,[],https://courses.monoprix.fr/images-v3/0c44253f-c4a3-4340-9d37-d41e42b9d14a/9300a73b-5334-496f-8831-e5586fe09019/300x300.jpg
Charcuterie et Traiteur,17113dce-7417-4751-bd70-8ff9fed921ea,MPX_4276294,Herta Allumettes Nature Sans Nitrite 2x 75g,3.15,21.0,"['Charcuterie et Traiteur', 'Charcuterie', 'Lardons, Dés et Poitrine', 'Lardon et Allumette']",Herta,True,False,false,1.0,WEEK,150g,[],https://courses.monoprix.fr/images-v3/0c44253f-c4a3-4340-9d37-d41e42b9d14a/6fd607fb-7268-42d0-90ea-309b1c48e548/300x300.jpg
Charcuterie et Traiteur,f9669710-2318-4aeb-a2b7-dc500ea34b13,MPX_4055137,Herta Tendre Croc' L'Original Croque-Monsieur Jambon & Fromage x2 - 200g,2.99,7.48,"['Charcuterie et Traiteur', 'Croque-monsieur, Galette et Nem', 'Croque-monsieur et Bun']",Herta,True,False,false,6.0,DAY,400g,[],https://courses.monoprix.fr/images-v3/0c44253f-c4a3-4340-9d37-d41e42b9d14a/7b166eec-ccdd-4475-a420-d50bc6a53294/300x300.jpg
Charcuterie et Traiteur,7f292683-af30-4870-85e5-a5ea79ab8c3f,MPX_4482889,Bonduelle Cèleri Rémoulade au Fromage Blanc 320g,2.09,6.53,"['Charcuterie et Traiteur', 'Salade et Sandwich', 'Crudités']",Bonduelle,True,False,false,4.0,DAY,320g,[],https://courses.monoprix.fr/images-v3/0c44253f-c4a3-4340-9d37-d41e42b9d14a/d80556b9-ef50-4427-8f14-433223c69af5/300x300.jpg
Charcuterie et Traiteur,74c536e9-9a0b-4838-b101-78cb95c290b8,MPX_1860601,Monoprix ravioli 3 fromage 300g,1.99,6.63,"['Mes marques Monoprix', 'Monoprix', 'Produits Frais', 'Traiteur']",Monoprix,True,False,false,2.0,WEEK,300g,[],https://courses.monoprix.fr/images-v3/0c44253f-c4a3-4340-9d37-d41e42b9d14a/cf974ce9-bd94-412d-a154-ea7c8c3acad9/300x300.jpg
Charcuterie et Traiteur,68360bdb-b2ee-4745-81b3-07ba1400b4f7,MPX_6725541,Rana Pâtes Fraiches Girasoli Fromage de Chèvre et Oignons de Tropea caramélisés 250g,4.29,17.16,"['Charcuterie et Traiteur', 'Pâte fraîche, Gnocchi et Quenelle', 'Pâte fraîche']",Rana,True,False,false,1.0,WEEK,250g,['Produit végétarien'],https://courses.monoprix.fr/images-v3/0c44253f-c4a3-4340-9d37-d41e42b9d14a/29c9f0d2-9bf9-466a-ae3c-40365962c0a3/300x300.jpg
Charcuterie et Traiteur,184e44d6-8488-4d6e-adcb-691f0ac13a80,MPX_1242844,Marie Lasagnes à la bolognaise béchamel et basilic 300g,4.49,14.97,"['Charcuterie et Traiteur', 'Pause Déjeuner', 'Plats cuisinés', 'Plats classiques']",Marie,True,False,false,1.0,WEEK,300g,[],https://courses.monoprix.fr/images-v3/0c44253f-c4a3-4340-9d37-d41e42b9d14a/424edad1-fd04-418f-ae79-7bc99e336aa6/300x300.jpg
Charcuterie et Traiteur,4474f507-0f60-4be6-8612-97e589b1d30a,MPX_1861678,Marie Macaroni sauce tomate et boulettes au boeuf vbf 280g marie,4.19,14.96,"['Charcuterie et Traiteur', 'Pause Déjeuner', 'Plats cuisinés', 'Plats classiques']",Marie,True,False,false,1.0,WEEK,280g,[],https://courses.monoprix.fr/images-v3/0c44253f-c4a3-4340-9d37-d41e42b9d14a/2bfa0111-76d5-4a01-91d8-bc59af731354/300x300.jpg
Charcuterie et Traiteur,f4ba3ea9-74db-49a9-af29-2ff373fae178,MPX_2133913,Atelier Blini Blinis Frais Au Blé Tendre 135G,2.29,16.96,"['Pain et Viennoiserie', 'Toast, Canapé et Blini', 'Blini']",Atelier Blini,True,False,false,1.0,WEEK,135g,['Produit végétarien'],https://courses.monoprix.fr/images-v3/0c44253f-c4a3-4340-9d37-d41e42b9d14a/51f3829d-9e70-4fca-8d01-e2d1858329c0/300x300.jpg
Charcuterie et Traiteur,83f50087-258f-4f7d-bdc0-47688a4d638b,MPX_3195280,Frais Devant Assiette Charcuterie Raclette 140g,5.75,41.07,"['Charcuterie et Traiteur', 'Charcuterie', 'Charcuterie sèche tranchée', 'Assortiment']",FRAIS DEVANT,True,False,false,3.0,WEEK,140g,[],https://courses.monoprix.fr/images-v3/0c44253f-c4a3-4340-9d37-d41e42b9d14a/d75c5600-4f05-4ae4-8869-1a38a4584307/300x300.jpg
Charcuterie et Traiteur,8a336d5e-cbea-48b0-9ee3-800f5ffe7a84,MPX_1815770,Marie Coquillettes au jambon et au fromage 280g,3.49,12.46,"['Charcuterie et Traiteur', 'Pause Déjeuner', 'Plats cuisinés', 'Plats classiques']",Marie,True,False,false,1.0,WEEK,280g,[],https://courses.monoprix.fr/images-v3/0c44253f-c4a3-4340-9d37-d41e42b9d14a/d1ad350f-b584-49e5-9073-9b0e854e2363/300x300.jpg
Charcuterie et Traiteur,6181524b-d857-4bed-b725-e19059b98983,MPX_1417177,Michel Bolard Tranche De Paté En Croute De Canard,2.35,23.5,"['Charcuterie et Traiteur', 'Charcuterie', 'Pâté, Rillette et Foie gras', 'Pâté et Terrine']",MAISON BOLARD,True,False,false,4.0,DAY,100g,[],https://courses.monoprix.fr/images-v3/0c44253f-c4a3-4340-9d37-d41e42b9d14a/5862990f-6dc5-4b15-b4ea-e6abebfecf3c/300x300.jpg
Charcuterie et Traiteur,f267d0eb-712f-41ac-8211-d8448dfd431e,MPX_1623719,Marie Paupiette de veau et d'une jardinière de légumes 300g,5.39,17.97,"['Charcuterie et Traiteur', 'Pause Déjeuner', 'Plats cuisinés', 'Plats classiques']",MARIE,True,False,false,1.0,WEEK,300g,[],https://courses.monoprix.fr/images-v3/0c44253f-c4a3-4340-9d37-d41e42b9d14a/858c53cc-bf28-4acc-9765-d0abb41325d1/300x300.jpg
Charcuterie et Traiteur,bf8b99fe-f099-48e9-9a31-c8285a7b79df,MPX_894839,"Jambon De Bourgogne Jambon persillé de Bourgogne, au vin blanc aligoté 2% 100g",4.25,21.25,"['Nos régions de France', 'Bourgogne Franche Comté', 'Jambon, Boudin, Diot et Saucisse']",Jambon de Bourgogne,True,False,false,1.0,WEEK,200g,[],https://courses.monoprix.fr/images-v3/0c44253f-c4a3-4340-9d37-d41e42b9d14a/077d439f-324d-41cd-9a20-487516509877/300x300.jpg
Charcuterie et Traiteur,189e88d6-287c-45ac-b3f3-77bd3a80dbef,MPX_2639538,Herta Knacki saucisses 100% poulet x4,1.99,14.21,"['Charcuterie et Traiteur', 'Charcuterie', 'Knack, Saucisse et Boudin', 'Knack']",Herta,True,False,false,1.0,WEEK,140g,[],https://courses.monoprix.fr/images-v3/0c44253f-c4a3-4340-9d37-d41e42b9d14a/a53e030b-1fd7-4e68-a9c9-973f19eae685/300x300.jpg
Charcuterie et Traiteur,49691216-b9c4-4be5-bf72-c7fda245f275,MPX_2764165,Villani Chiffonnade De Spianata Piquante,3.85,48.13,"['Produits du monde', 'Italie - Italia', 'Mortadelle, Saucisson et Jambon cru']",VILLANI,True,False,false,2.0,WEEK,80g,[],https://courses.monoprix.fr/images-v3/0c44253f-c4a3-4340-9d37-d41e42b9d14a/f5047f42-3a34-4dc0-8786-4303b30d4830/300x300.jpg
Charcuterie et Traiteur,a3402685-d6bc-4d4e-ac1f-baa10ac172ca,MPX_4231039,Giovanni RANA Plaisir du Primeur Ravioli Girasoli Potiron & Petits Oignons Grillés 250g,4.59,18.36,"['Charcuterie et Traiteur', 'Pâte fraîche, Gnocchi et Quenelle', 'Ravioli et Raviole']",Rana,True,False,false,1.0,WEEK,250g,['Produit végétarien'],https://courses.monoprix.fr/images-v3/0c44253f-c4a3-4340-9d37-d41e42b9d14a/f6621130-51ab-46e1-af46-75e69cd86b11/300x300.jpg
Charcuterie et Traiteur,b5c1f27e-327d-45bc-bfe5-0996f9986f84,MPX_3777503,Herta Knacki saucisses 100% poulet conservation sans nitrite x6,3.25,15.48,"['Charcuterie et Traiteur', 'Charcuterie', 'Knack, Saucisse et Boudin', 'Knack']",HERTA,True,False,false,1.0,WEEK,210g,[],https://courses.monoprix.fr/images-v3/0c44253f-c4a3-4340-9d37-d41e42b9d14a/ccefc4b0-cf2d-4d65-b6ef-e8bb9e1a7efc/300x300.jpg
Charcuterie et Traiteur,7667f68f-4368-49dc-a5b6-da497cf4fb6d,MPX_1455026,Monoprix Tzatziki 175g,1.49,8.51,"['Epicerie Salée', 'Produit apéritif', 'Tartinable et Produit de la Mer', 'Tapenade et Autre Tartinable']",Monoprix,True,False,false,1.0,WEEK,175g,[],https://courses.monoprix.fr/images-v3/0c44253f-c4a3-4340-9d37-d41e42b9d14a/c0381931-717a-4f96-a163-d0758ef9b1c7/300x300.jpg
Charcuterie et Traiteur,9af78c83-8d00-48c5-b155-ec7cd536a77a,MPX_2275304,L'Atelier Blini Tzatziki extra 175g,3.99,22.8,"['Epicerie Salée', 'Produit apéritif', 'Tartinable et Produit de la Mer', 'Tapenade et Autre Tartinable']",Atelier blini,True,False,false,1.0,WEEK,175g,[],https://courses.monoprix.fr/images-v3/0c44253f-c4a3-4340-9d37-d41e42b9d14a/691ee812-f953-4291-85be-09e0dd09457d/300x300.jpg
Charcuterie et Traiteur,d9a90e08-9c36-47d5-b7b5-9614af969e6c,MPX_1906595,"Marie Cabillaud sauce citron, riz aux petits légumes 290g",5.39,18.59,"['Charcuterie et Traiteur', 'Pause Déjeuner', 'Plats cuisinés', 'Plats classiques']",Marie,True,False,false,1.0,WEEK,290g,[],https://courses.monoprix.fr/images-v3/0c44253f-c4a3-4340-9d37-d41e42b9d14a/7166be6c-c860-4fd7-ba21-0ea0b3e6fa95/300x300.jpg
Charcuterie et Traiteur,1b43738e-2fbd-4441-bfdb-1d21fcb05ff6,MPX_1893454,Aoste Dentelles De Jambon Cuit Supérieur Sans Couenne,6.45,43.0,"['Charcuterie et Traiteur', 'Charcuterie', 'Jambon blanc']",Aoste,True,False,false,1.0,WEEK,150g,[],https://courses.monoprix.fr/images-v3/0c44253f-c4a3-4340-9d37-d41e42b9d14a/3ff8fd13-1b42-4b2f-97f9-cd70611b9dbd/300x300.jpg
Charcuterie et Traiteur,6ffa8cd0-ee5c-408a-8921-e7ba7412ee58,MPX_1860603,Monoprix ravioli pur bœuf aux œufs frais 300g,1.99,6.63,"['Mes marques Monoprix', 'Monoprix', 'Produits Frais', 'Traiteur']",Monoprix,True,False,false,2.0,WEEK,300g,[],https://courses.monoprix.fr/images-v3/0c44253f-c4a3-4340-9d37-d41e42b9d14a/6006cca0-990e-4b3c-80af-7c297fec3a40/300x300.jpg
Charcuterie et Traiteur,79264750-7d80-4d8c-a708-cd85994c6d3a,MPX_3232443,Monoprix Gourmet Viande des grisons 70g,6.35,90.71,"['Nos sélections', 'Inspiration du moment', 'Sélection Charcuterie et Fromage']",Monoprix Gourmet,True,False,false,3.0,WEEK,70g,[],https://courses.monoprix.fr/images-v3/0c44253f-c4a3-4340-9d37-d41e42b9d14a/43631ce5-ab8c-425f-b014-9530622736b0/300x300.jpg
Charcuterie et Traiteur,3f82f7b1-a275-43b9-99f3-f10a3a334e5b,MPX_6480143,Herta Le Bon Paris -25% de sel 4 tranches 140g,3.69,26.36,"['Charcuterie et Traiteur', 'Charcuterie', 'Jambon blanc']",Herta,True,False,false,1.0,WEEK,140g,[],https://courses.monoprix.fr/images-v3/0c44253f-c4a3-4340-9d37-d41e42b9d14a/d69e8fdd-d784-4d14-9bb1-31b0a48642ef/300x300.jpg
Charcuterie et Traiteur,e4c23c39-5902-4ea5-9402-bec1b328ec01,MPX_2560377,Monoprix Gourmet jambon de parme a.o.p affiné 70g,5.35,76.43,"['Nos sélections', 'Inspiration du moment', 'Sélection Charcuterie et Fromage']",Monoprix Gourmet,True,False,false,2.0,WEEK,70g,[],https://courses.monoprix.fr/images-v3/0c44253f-c4a3-4340-9d37-d41e42b9d14a/c3dd6ec5-5979-4247-91fc-1a0170259120/300x300.jpg
Charcuterie et Traiteur,05a17911-6183-4664-8095-bfedffd039cd,MPX_2396488,L'atelier Blini Olives à l'Andalouse Lupin Piment Jalapeno & Romarin  150g,3.39,22.6,"['Fruits & Légumes', 'Prêts à consommer', 'Olives et Tapenades']",Atelier blini,True,False,false,2.0,WEEK,150g,[],https://courses.monoprix.fr/images-v3/0c44253f-c4a3-4340-9d37-d41e42b9d14a/f03a87be-df94-496d-a9f7-ea7839d0d454/300x300.jpg
Charcuterie et Traiteur,d2d884b5-a66e-479c-bdb0-5a456788cb2e,MPX_2725670,Monoprix Gourmet quenelles lyonnaises nature pur beurre 320g,3.75,11.72,"['Mes marques Monoprix', 'Monoprix Gourmet', 'Produits frais', 'Traiteur']",Monoprix Gourmet,True,False,false,6.0,DAY,320g,[],https://courses.monoprix.fr/images-v3/0c44253f-c4a3-4340-9d37-d41e42b9d14a/bba7f376-cc7f-44a0-a79c-ca9e6272c9e6/300x300.jpg
Charcuterie et Traiteur,5b3492be-d9ba-47fa-91a5-ecaab7556e3e,MPX_6725542,Rana Pâtes Fraiches Girasoli Gorgonzola AOP et éclats de Noix 250g,4.29,17.16,"['Charcuterie et Traiteur', 'Pâte fraîche, Gnocchi et Quenelle', 'Pâte fraîche']",Rana,True,False,false,1.0,WEEK,250g,[],https://courses.monoprix.fr/images-v3/0c44253f-c4a3-4340-9d37-d41e42b9d14a/a1783df9-cfb4-48ff-9045-6bf4ea4a48e0/300x300.jpg
Charcuterie et Traiteur,3d870d85-d28c-4071-b933-a2404cc8f94d,MPX_6348997,Herta Le Bon Paris -25% de sel sans nitrite 4 tranches 140g,4.45,31.79,"['Charcuterie et Traiteur', 'Charcuterie', 'Jambon blanc']",Herta,True,False,false,1.0,WEEK,140g,[],https://courses.monoprix.fr/images-v3/0c44253f-c4a3-4340-9d37-d41e42b9d14a/bed7ca12-6148-4353-8bb5-cd3270e997c4/300x300.jpg
Charcuterie et Traiteur,8cfe4e92-8cf5-4988-868b-c3f4bf6ff250,MPX_1491632,Marie Petites gambas compotée de tomates tagliatelles au pesto 280g,5.59,19.96,"['Charcuterie et Traiteur', 'Pause Déjeuner', 'Plats cuisinés', 'Plats classiques']",Marie,True,False,false,1.0,WEEK,280g,['Produit bio'],https://courses.monoprix.fr/images-v3/0c44253f-c4a3-4340-9d37-d41e42b9d14a/013bc229-6d85-4ebb-977e-b1538f414c74/300x300.jpg
Charcuterie et Traiteur,0e962c40-5a19-49e6-a505-990e8a7b0bc8,MPX_4348369,Lustucru Gnocchi à poêler au fromage 285g,3.19,11.19,"['Charcuterie et Traiteur', 'Pâte fraîche, Gnocchi et Quenelle', 'Gnocchi']",Lustucru,True,False,false,1.0,WEEK,285g,[],https://courses.monoprix.fr/images-v3/0c44253f-c4a3-4340-9d37-d41e42b9d14a/3afc78cd-4257-4d9f-b3b6-8386d2d5528b/300x300.jpg
Charcuterie et Traiteur,46214f7f-a0c7-40b3-a4c9-4df7cdd817fd,MPX_3174928,Monoprix Bio Guacamole doux bio 180 g,4.99,27.72,"['Produits du monde', 'Mexique - México', 'Produits apéritifs']",Monoprix Bio,True,False,false,1.0,WEEK,180g,['Produit bio'],https://courses.monoprix.fr/images-v3/0c44253f-c4a3-4340-9d37-d41e42b9d14a/84ad074e-f0d1-442a-8d0b-6eb35932078a/300x300.jpg
Charcuterie et Traiteur,962f50eb-d91b-4342-a123-0af09d5da295,MPX_6720913,Rana Pâtes Fraiches Girasoli Pesto Basilic et Pignons 250g,3.89,15.56,"['Charcuterie et Traiteur', 'Pâte fraîche, Gnocchi et Quenelle', 'Pâte fraîche']",Rana,True,False,false,1.0,WEEK,250g,[],https://courses.monoprix.fr/images-v3/0c44253f-c4a3-4340-9d37-d41e42b9d14a/6d002258-e227-4260-96ee-e2317a25633f/300x300.jpg
Charcuterie et Traiteur,e558eae5-5ef4-40c8-9070-51f5fe21cceb,MPX_4524348,Bonduelle Concombres au Fromage Blanc & Ciboulette 320g,2.69,8.41,"['Charcuterie et Traiteur', 'Salade et Sandwich', 'Crudités']",Bonduelle,True,False,false,4.0,DAY,320g,[],https://courses.monoprix.fr/images-v3/0c44253f-c4a3-4340-9d37-d41e42b9d14a/98570375-a538-4341-a7cd-34a4e7f842c0/300x300.jpg
Charcuterie et Traiteur,a13b96c5-7309-410a-949f-c59b11463b27,MPX_1468849,Monoprix Dés De Jambon 2X75G,1.89,12.6,"['Charcuterie et Traiteur', 'Charcuterie', 'Lardons, Dés et Poitrine', 'Dés et Emincé']",Monoprix,True,False,false,1.0,WEEK,150g,[],https://courses.monoprix.fr/images-v3/0c44253f-c4a3-4340-9d37-d41e42b9d14a/6c26ea75-b7ce-4b91-bdbf-c6e604a5a20c/300x300.jpg
Charcuterie et Traiteur,2f3d5325-c5e1-4610-9b5c-ccc2d9cb3860,MPX_3778249,Rana Feuille de lasagnes 250g,3.29,13.16,"['Epicerie Salée', 'Pâte, Riz, Céréale et Purée', 'Pâtes', 'Pâtes à farcir, Pâtes à bouillon']",Rana,True,False,false,1.0,WEEK,250g,[],https://courses.monoprix.fr/images-v3/0c44253f-c4a3-4340-9d37-d41e42b9d14a/a4c2ffb5-ad7a-4bc7-b924-3e6113e2ec43/300x300.jpg
Charcuterie et Traiteur,2eec18c9-30fe-4185-838f-50568694987a,MPX_3599264,Monoprix Jambon Cuit 2 Tranches Sans Couenne,1.35,16.88,"['Charcuterie et Traiteur', 'Charcuterie', 'Jambon blanc']",Monoprix,True,False,false,1.0,WEEK,80g,[],https://courses.monoprix.fr/images-v3/0c44253f-c4a3-4340-9d37-d41e42b9d14a/e1165b8b-7f1a-4805-9423-088510116322/300x300.jpg
Charcuterie et Traiteur,9ee9f4ec-5b88-4a99-a625-bd89c11e9cb1,MPX_888691,Citterio Jambon Cru Il Prosciutto Crudo 120G,4.79,39.92,"['Produits du monde', 'Italie - Italia', 'Mortadelle, Saucisson et Jambon cru']",CITTERIO FRANCE,True,False,false,2.0,WEEK,120g,[],https://courses.monoprix.fr/images-v3/0c44253f-c4a3-4340-9d37-d41e42b9d14a/009a4e29-5672-4c10-bf9d-2adc28ea5951/300x300.jpg
Charcuterie et Traiteur,5aaf21a7-f948-4595-8349-1696e2dd6754,MPX_2822506,Bordeau Chesnel Spécialité Charcutière Au Poulet Rôti En Cocotte 220 G,3.65,16.59,"['Charcuterie et Traiteur', 'Charcuterie', 'Pâté, Rillette et Foie gras', 'Rillette']",Bordeau chesnel,True,False,false,1.0,WEEK,220g,[],https://courses.monoprix.fr/images-v3/0c44253f-c4a3-4340-9d37-d41e42b9d14a/4a933d5f-cd52-4e99-b11c-05d86b054690/300x300.jpg
Charcuterie et Traiteur,2a9864d1-46ee-4597-866b-335505647b80,MPX_2006803,Marie St Jacques fondue de poireaux & riz basmati 280g,6.19,22.11,"['Charcuterie et Traiteur', 'Pause Déjeuner', 'Plats cuisinés', 'Plats classiques']",Marie,True,False,false,1.0,WEEK,280g,['Produit bio'],https://courses.monoprix.fr/images-v3/0c44253f-c4a3-4340-9d37-d41e42b9d14a/5fef375e-906c-4433-841f-b8fc11129a79/300x300.jpg
Charcuterie et Traiteur,b9016a81-95b3-49c9-8f34-d6af0cb3e97c,MPX_4262269,Herta Lardons Fumés 200g,3.15,15.75,"['Charcuterie et Traiteur', 'Charcuterie', 'Lardons, Dés et Poitrine', 'Lardon et Allumette']",Herta,True,False,false,2.0,WEEK,200g,[],https://courses.monoprix.fr/images-v3/0c44253f-c4a3-4340-9d37-d41e42b9d14a/00cb15ad-180d-4cc9-bbb6-559c727e62b9/300x300.jpg
Charcuterie et Traiteur,a1f40c03-14f2-4e1b-b3f0-856b1ee6aaa7,MPX_5125289,Aoste Viande Des Grisons 10 Tranches - 70 G,6.09,87.0,"['Charcuterie et Traiteur', 'Charcuterie', 'Charcuterie sèche tranchée', 'Viande de bœuf']",Aoste,True,False,false,4.0,WEEK,70g,[],https://courses.monoprix.fr/images-v3/0c44253f-c4a3-4340-9d37-d41e42b9d14a/514d158c-28f1-49bd-83d6-6016cb86ebf2/300x300.jpg
Charcuterie et Traiteur,30634dbb-c349-4dbf-864a-c7c6747068de,MPX_1878831,Monoprix Gourmet Tagliatelles à la farine de blé tendre 500g,3.95,7.9,"['Nos sélections', 'Inspiration du moment', '& Frigo vide', 'Traiteur']",Monoprix Gourmet,True,False,false,1.0,WEEK,500g,[],https://courses.monoprix.fr/images-v3/0c44253f-c4a3-4340-9d37-d41e42b9d14a/f352960d-8326-4f24-9566-8b2ae6300332/300x300.jpg
Charcuterie et Traiteur,f681ac9e-d539-49da-8d36-dae4c22f8b14,MPX_5216918,Fleury Michon Gratin d'Endives au Jambon 280g,4.49,16.04,"['Charcuterie et Traiteur', 'Pause Déjeuner', 'Plats cuisinés', 'Plats classiques']",Fleury Michon,True,False,false,1.0,WEEK,280g,[],https://courses.monoprix.fr/images-v3/0c44253f-c4a3-4340-9d37-d41e42b9d14a/4b7096f7-40a9-4350-8187-02828aecc098/300x300.jpg
Charcuterie et Traiteur,fbdccd67-9958-4476-8fc6-7dccad9b7289,MPX_6725547,Rana Pâtes Fraiches Girasoli Saumon fumé au bois de hêtre 250g,4.29,17.16,"['Charcuterie et Traiteur', 'Pâte fraîche, Gnocchi et Quenelle', 'Pâte fraîche']",Rana,True,False,false,1.0,WEEK,250g,[],https://courses.monoprix.fr/images-v3/0c44253f-c4a3-4340-9d37-d41e42b9d14a/06b80b72-b018-41ea-9f91-b5c2f0f08ec4/300x300.jpg
Charcuterie et Traiteur,6e0eea8e-2665-48f1-8ea5-694031a628d9,MPX_2411814,Sodebo Pizza l'Ovale Jambon fromages 200g,1.85,9.25,"['Charcuterie et Traiteur', 'Pizza, Quiche et Tarte', 'Pizza individuelle']",Sodebo,True,False,false,4.0,DAY,200g,[],https://courses.monoprix.fr/images-v3/0c44253f-c4a3-4340-9d37-d41e42b9d14a/b13e8311-0dcd-48da-8d65-c83be7371ec3/300x300.jpg
Charcuterie et Traiteur,ba015290-87e8-4e45-aaa2-c2ac188e7ec0,MPX_2947892,Fleury Michon Rôti De Porc Supérieur X4,4.29,26.81,"['Charcuterie et Traiteur', 'Charcuterie', 'Rôti de porc', 'Rôti de porc']",Fleury michon,True,False,false,1.0,WEEK,160g,[],https://courses.monoprix.fr/images-v3/0c44253f-c4a3-4340-9d37-d41e42b9d14a/66fd865c-1d1e-4b06-8593-c6aa7dace9e2/300x300.jpg
Charcuterie et Traiteur,fba70b9f-eb84-4230-a17d-e5f6e68d1adb,MPX_5384714,Monoprix chiffonnade de jambon serrano 100g,2.99,29.9,"['Charcuterie et Traiteur', 'Charcuterie', 'Jambon cru']",Monoprix,True,False,false,1.0,MONTH,100g,[],https://courses.monoprix.fr/images-v3/0c44253f-c4a3-4340-9d37-d41e42b9d14a/cec2051d-f801-42a6-a6fa-ea3f005fade9/300x300.jpg
Charcuterie et Traiteur,57d3fcb8-5817-4fe6-878a-873e13555e05,MPX_2482528,Sodebo Pizza Dolce Regina Jambon Champignons 400g,4.99,12.48,"['Charcuterie et Traiteur', 'Pizza, Quiche et Tarte', 'Pizza familiale']",Sodebo,True,False,false,5.0,DAY,400g,[],https://courses.monoprix.fr/images-v3/0c44253f-c4a3-4340-9d37-d41e42b9d14a/78de98fd-52d0-441e-abd8-d9294dedfbc8/300x300.jpg
Charcuterie et Traiteur,a13b920d-5310-482a-b708-d7f059d794b9,MPX_4214515,Rana Plaisir du primeur Girasoli artichauts 250g,4.69,18.76,"['Charcuterie et Traiteur', 'Pâte fraîche, Gnocchi et Quenelle', 'Pâte fraîche']",Rana,True,False,false,1.0,WEEK,250g,['Produit végétarien'],https://courses.monoprix.fr/images-v3/0c44253f-c4a3-4340-9d37-d41e42b9d14a/c90523f5-2000-4351-9cff-753e37739c2d/300x300.jpg
Charcuterie et Traiteur,21c21419-8bcb-42e9-8c8b-2568f44dc104,MPX_2467984,Atelier Blini Houmous Au Citron Confit 175 G,3.95,22.57,"['Epicerie Salée', 'Produit apéritif', 'Tartinable et Produit de la Mer', 'Houmous et Tarama']",Atelier blini,True,False,false,1.0,WEEK,175g,[],https://courses.monoprix.fr/images-v3/0c44253f-c4a3-4340-9d37-d41e42b9d14a/5ae6dd34-04d0-43bd-8f5f-a5597dc65974/300x300.jpg
Charcuterie et Traiteur,99989b5e-7dc5-4256-b871-5c1441bebe11,MPX_6711905,Casa Modena Pétales de guanciale 100g,2.99,29.9,"['Charcuterie et Traiteur', 'Charcuterie', 'Lardons, Dés et Poitrine', 'Lardon et Allumette']",Casa Modena,True,False,false,3.0,WEEK,100g,[],https://courses.monoprix.fr/images-v3/0c44253f-c4a3-4340-9d37-d41e42b9d14a/f90d2e35-3cb8-42a2-97ef-b0b9da032246/300x300.jpg
Charcuterie et Traiteur,f5c2e173-4e59-4ff8-a243-f4c8280b1a25,MPX_3417204,Cochonou Saucisson Sec 30 Tranches Fines 93G,1.99,21.4,"['Charcuterie et Traiteur', 'Charcuterie', 'Charcuterie sèche tranchée', 'Rosette, Saucisson et Chorizo']",Cochonou,True,False,false,4.0,WEEK,93g,[],https://courses.monoprix.fr/images-v3/0c44253f-c4a3-4340-9d37-d41e42b9d14a/c7f752ee-95c9-401f-8711-4fe9063659c5/300x300.jpg
Charcuterie et Traiteur,328ab204-7108-40d5-9389-f4b20a8d27e4,MPX_4951165,Herta Knacki Original x10 350g,2.89,8.26,"['Nos sélections', 'Inspiration du moment', '& Sélection gros formats', 'Boucherie et Charcuterie']",Herta,True,False,false,1.0,WEEK,350g,[],https://courses.monoprix.fr/images-v3/0c44253f-c4a3-4340-9d37-d41e42b9d14a/7472c353-2905-461b-9436-e8664cbbbcbf/300x300.jpg
Charcuterie et Traiteur,0b6a0248-ac8f-46f6-9293-bb5d400d61df,MPX_3754756,Marie Quiche lorraine lardons fumés crème fraîche et emmental pur beurre marie 400g,3.99,9.98,"['Charcuterie et Traiteur', 'Pizza, Quiche et Tarte', 'Quiche et Tarte']",Marie,True,False,false,1.0,WEEK,400g,[],https://courses.monoprix.fr/images-v3/0c44253f-c4a3-4340-9d37-d41e42b9d14a/ca495251-20fe-4d59-9a35-806b903b0b20/300x300.jpg
Charcuterie et Traiteur,818ecba0-b08a-46d6-b7f5-68ad6de0da38,MPX_1704549,Giraudet Quenelles fraîches nature bio 4x80g,5.99,18.72,"['Nos régions de France', 'Auvergne Rhône Alpes', 'Crozets, ravioles, quenelles et pâtes']",Giraudet,True,False,false,6.0,DAY,320g,['Produit bio'],https://courses.monoprix.fr/images-v3/0c44253f-c4a3-4340-9d37-d41e42b9d14a/3beee3dd-7748-44bf-9510-d08e1e75764d/300x300.jpg
Charcuterie et Traiteur,eee02359-21d9-4d8b-9d1f-d532c5836221,MPX_1921541,Monoprix Pancakes au Lait et aux Œufs Frais 132g,2.65,20.08,"['Charcuterie et Traiteur', 'Pâtisserie et dessert', 'Pâtisserie et dessert']",Monoprix,True,False,false,6.0,DAY,132g,[],https://courses.monoprix.fr/images-v3/0c44253f-c4a3-4340-9d37-d41e42b9d14a/836dcc18-9ae5-40da-ba2b-8445e0b6f70b/300x300.jpg
Charcuterie et Traiteur,98638ccb-5d7a-4751-bf0e-b725bcc476a0,MPX_4482886,Bonduelle Carottes Râpées au Jus de Citron 180g,1.65,9.17,"['Charcuterie et Traiteur', 'Salade et Sandwich', 'Crudités']",Bonduelle,True,False,false,4.0,DAY,180g,['Produit vegan'],https://courses.monoprix.fr/images-v3/0c44253f-c4a3-4340-9d37-d41e42b9d14a/8fc50599-9c98-46d5-853e-33b3a4115525/300x300.jpg
Charcuterie et Traiteur,5126436f-5d12-4cad-b52f-5ac0e8d10b6e,MPX_5165836,Fleury Michon Blanc De Poulet X6 Tranches 195G,3.95,20.26,"['Charcuterie et Traiteur', 'Charcuterie', 'Charcuterie de volaille', 'Blanc de volaille']",Fleury Michon,True,False,false,1.0,WEEK,195g,[],https://courses.monoprix.fr/images-v3/0c44253f-c4a3-4340-9d37-d41e42b9d14a/f6fcc352-1d40-4e13-b943-9763c333f61b/300x300.jpg
Charcuterie et Traiteur,61646a03-2de3-47cd-bde3-5937ea87e57a,MPX_4747152,Monoprix Gourmet Houmous au Pois Chiche 180g,2.99,16.61,"['Epicerie Salée', 'Produit apéritif', 'Tartinable et Produit de la Mer', 'Tapenade et Autre Tartinable']",Monoprix Gourmet,True,False,false,1.0,WEEK,180g,[],https://courses.monoprix.fr/images-v3/0c44253f-c4a3-4340-9d37-d41e42b9d14a/5e300bd6-29c0-40c4-8b02-3f5d63c19f8f/300x300.jpg
Charcuterie et Traiteur,410fc197-053e-465b-b4e8-92322081c63b,MPX_84139,Barilla pates tortellini jambon fromage collezione 250g,3.35,13.4,"['Charcuterie et Traiteur', 'Pâte fraîche, Gnocchi et Quenelle', 'Ravioli et Raviole']",Barilla,True,False,false,2.0,MONTH,250g,[],https://courses.monoprix.fr/images-v3/0c44253f-c4a3-4340-9d37-d41e42b9d14a/39084436-7fb0-4780-97b4-50adde7662c6/300x300.jpg
Charcuterie et Traiteur,ef5e4718-4f6d-4460-8fa7-2b4c25a09016,MPX_2426192,L'atelier Blini 6 Accras de morue 120g,3.79,31.58,"['Epicerie Salée', 'Produit apéritif', 'Feuilleté, Petit Four, Cake et Bouchée', 'Bouchée']",Atelier Blini,True,False,false,1.0,WEEK,120g,[],https://courses.monoprix.fr/images-v3/0c44253f-c4a3-4340-9d37-d41e42b9d14a/a957e3f4-dba0-4b46-bd89-044bee915556/300x300.jpg
Charcuterie et Traiteur,94b1ad32-b678-42cd-a66d-67d36d028bea,MPX_2411815,Sodebo Pizza l'Ovale 3 fromages fondants 200g,1.85,9.25,"['Charcuterie et Traiteur', 'Pizza, Quiche et Tarte', 'Pizza individuelle']",Sodebo,True,False,false,4.0,DAY,200g,[],https://courses.monoprix.fr/images-v3/0c44253f-c4a3-4340-9d37-d41e42b9d14a/f3bdded3-8ba2-45b3-87e6-e06c824636d5/300x300.jpg
Charcuterie et Traiteur,16924802-c231-44a0-8b6e-64a7f18d521a,MPX_2751861,Monoprix Crispy bacon fumé au bois de hêtre 55g,4.25,77.27,"['Charcuterie et Traiteur', 'Charcuterie', 'Lardons, Dés et Poitrine', 'Poitrine']",Monoprix,True,False,false,2.0,WEEK,55g,[],https://courses.monoprix.fr/images-v3/0c44253f-c4a3-4340-9d37-d41e42b9d14a/96d64a99-75c2-4d27-b337-62496e3983d3/300x300.jpg
Charcuterie et Traiteur,6a9aa433-95f0-4f78-b451-e473d09b6ec8,MPX_1612478,Monoprix Coleslaw Chou Carottes Mayonnaise Allégée 300g,1.69,5.63,"['Charcuterie et Traiteur', 'Salade et Sandwich', 'Crudités']",Monoprix,True,False,false,5.0,DAY,300g,[],https://courses.monoprix.fr/images-v3/0c44253f-c4a3-4340-9d37-d41e42b9d14a/2a7a7a12-e889-4fbe-97d5-74c3d50fbbf4/300x300.jpg
Charcuterie et Traiteur,512bf56f-d74e-4297-a6f0-041beaec62b0,MPX_3306634,Monoprix 8 Crêpes Sucrées 280g,2.99,10.68,"['Mes marques Monoprix', 'Monoprix', 'Produits Frais', 'Traiteur']",Monoprix,True,False,false,1.0,WEEK,280g,[],https://courses.monoprix.fr/images-v3/0c44253f-c4a3-4340-9d37-d41e42b9d14a/679367b6-8c20-48a6-8932-a631076e03e3/300x300.jpg
Charcuterie et Traiteur,3da73518-bf9c-4e93-9dd6-7158db65b263,MPX_4482888,Bonduelle Carottes Râpées Citron 500g,2.69,5.38,"['Charcuterie et Traiteur', 'Salade et Sandwich', 'Crudités']",Bonduelle,True,False,false,4.0,DAY,500g,"['Produit végétarien', 'Produit vegan']",https://courses.monoprix.fr/images-v3/0c44253f-c4a3-4340-9d37-d41e42b9d14a/ab57f966-6896-4efc-b4a0-57cb4c2441dc/300x300.jpg
Charcuterie et Traiteur,8d87585c-35e4-46ed-a0de-59c3ac539537,MPX_2153156,Monoprix nems au poulet avec sauce nuoc-mâm 300g,2.79,9.3,"['Mes marques Monoprix', 'Monoprix', 'Epicerie salée', 'Conserve et Plat Cuisiné']",Monoprix,True,False,false,1.0,WEEK,300g,[],https://courses.monoprix.fr/images-v3/0c44253f-c4a3-4340-9d37-d41e42b9d14a/3f378f4a-118d-41b5-8e72-27e1af480b5a/300x300.jpg
Charcuterie et Traiteur,fe7a5a5d-4b1f-42ba-979d-fdfe6a29d3ab,MPX_6609882,Fleury Michon le couscous à la marocaine 450g,5.99,13.31,"['Charcuterie et Traiteur', 'Plat cuisiné', 'Plat classique']",Fleury Michon,True,False,false,1.0,WEEK,450g,[],https://courses.monoprix.fr/images-v3/0c44253f-c4a3-4340-9d37-d41e42b9d14a/75b21e0a-2d99-48a7-8e42-7073a922a9f6/300x300.jpg
Charcuterie et Traiteur,3317f20f-800c-46de-991a-f6c363d0ab54,MPX_6725715,Lustucru Gnocci Star à poêler 300g,2.39,7.97,"['Nos sélections', 'Nos marques du moment', 'La course aux étoiles chez Monoprix']",Lustucru,True,False,false,1.0,WEEK,300g,[],https://courses.monoprix.fr/images-v3/0c44253f-c4a3-4340-9d37-d41e42b9d14a/6c3d0fbd-44f8-4528-ad7f-19c79710fc72/300x300.jpg
Charcuterie et Traiteur,37fc86d8-c1dc-4b2d-8813-488ff7c04979,MPX_1740672,Monoprix Chorizo Doux Pur Porc 225g,3.19,14.18,"['Charcuterie et Traiteur', 'Charcuterie', 'Saucisson sec et Chorizo', 'Chorizo']",Monoprix,True,False,false,4.0,WEEK,225g,[],https://courses.monoprix.fr/images-v3/0c44253f-c4a3-4340-9d37-d41e42b9d14a/4f3f2993-ba54-4893-839b-884412a451e2/300x300.jpg
Charcuterie et Traiteur,d8d9fff2-2c0b-4d56-ad9b-36c2ecfcf032,MPX_2587586,Marie Canard Confit Ecrase De Pommes De Terre Et Creme Aux Cepes 300g,5.99,19.97,"['Charcuterie et Traiteur', 'Pause Déjeuner', 'Plats cuisinés', 'Plats classiques']",Marie,True,False,false,1.0,WEEK,300g,[],https://courses.monoprix.fr/images-v3/0c44253f-c4a3-4340-9d37-d41e42b9d14a/ef187a5e-257e-49e7-bb1a-18131c1a1f2b/300x300.jpg
Charcuterie et Traiteur,f3cabf22-becb-49bc-a26e-b2e857b40e71,MPX_3525435,Marie Pates brisee marie pur beurre 230g,1.99,8.65,"['Charcuterie et Traiteur', 'Pâte à tarte et Pâte à pizza', 'Pâte à tarte']",Marie,True,False,false,1.0,WEEK,230g,[],https://courses.monoprix.fr/images-v3/0c44253f-c4a3-4340-9d37-d41e42b9d14a/235a9d6e-d7ac-4199-8102-e6a0fd802887/300x300.jpg
Charcuterie et Traiteur,9ef8d3eb-f56a-49d0-932d-1af7c9447568,MPX_6612839,Domaine Picard jambon de chez nous 4 tranches de 40g,3.19,19.94,"['Charcuterie et Traiteur', 'Charcuterie', 'Jambon blanc']",Domaine Picard,True,False,false,1.0,WEEK,160g,[],https://courses.monoprix.fr/images-v3/0c44253f-c4a3-4340-9d37-d41e42b9d14a/18e0f647-4dcb-43a9-b46d-adfaa2f15e3b/300x300.jpg
Charcuterie et Traiteur,1d347ce8-e2e5-441c-9c43-95e39572d964,MPX_1253678,Fleury Michon Risotto Au Poulet Et Aux Cèpes 280g,4.79,17.11,"['Charcuterie et Traiteur', 'Pause Déjeuner', 'Plats cuisinés', 'Plats classiques']",Fleury michon,True,False,false,1.0,WEEK,280g,[],https://courses.monoprix.fr/images-v3/0c44253f-c4a3-4340-9d37-d41e42b9d14a/82388059-d8bf-4a11-a73e-64edb484d1f9/300x300.jpg
Entretien & Nettoyage,d3f71105-6c1c-4843-90cf-7431fc454c19,MPX_2481496,Lotus Papier Toilette Xxl x6,5.49,0.92,"['Entretien & Nettoyage', 'Essuie tout et Papier toilette', 'Papier toilette', 'Par 6']",Lotus,True,False,false,,,6 par pack,[],https://courses.monoprix.fr/images-v3/0c44253f-c4a3-4340-9d37-d41e42b9d14a/dda3afff-e66d-4eea-bb0e-0673ad2e5943/300x300.jpg
Entretien & Nettoyage,c04d877d-daa3-4345-a085-450c14e91b7d,MPX_2077728,Okay Essuie-Tout Blanc le Paquet x6 rouleaux,5.69,5.69,"['Entretien & Nettoyage', 'Essuie tout et Papier toilette', 'Essuie tout']",Okay,True,False,false,,,,[],https://courses.monoprix.fr/images-v3/0c44253f-c4a3-4340-9d37-d41e42b9d14a/54ecb705-97b7-4314-a037-0ea1fc9a9deb/300x300.jpg
Entretien & Nettoyage,a6f24b11-8034-422c-9438-9a4ebf70a8bf,MPX_4093225,Kleenex papier toilette coussiné x6,4.49,0.75,"['Entretien & Nettoyage', 'Essuie tout et Papier toilette', 'Papier toilette', 'Par 6']",Kleenex,True,False,false,,,6 par pack,[],https://courses.monoprix.fr/images-v3/0c44253f-c4a3-4340-9d37-d41e42b9d14a/a5e2d194-8d1a-4949-a295-b9831011ad57/300x300.jpg
Entretien & Nettoyage,3a3c1099-cdad-43ea-a18a-e134dc504797,MPX_6585770,Finish powerball ultimate x30,11.5,29.72,"['Entretien & Nettoyage', 'Produits Nettoyants et Multi Usages', 'Produit Vaisselle', 'Tablette et dose lave vaisselle']",Finish,True,False,false,,,0.387kg,[],https://courses.monoprix.fr/images-v3/0c44253f-c4a3-4340-9d37-d41e42b9d14a/24306947-8009-493d-b211-77f83045bb84/300x300.jpg
Entretien & Nettoyage,2843f714-222b-483f-baf8-9e4896c31544,MPX_6718855,Sun Tablette Lave-Vaisselle Tout en 1 *46 759g,11.29,14.87,"['Entretien & Nettoyage', 'Produits Nettoyants et Multi Usages', 'Produit Vaisselle', 'Tablette et dose lave vaisselle']",Sun,True,False,false,,,759g,[],https://courses.monoprix.fr/images-v3/0c44253f-c4a3-4340-9d37-d41e42b9d14a/89c2daad-7eb9-4778-89fd-4e97b3a8ae98/300x300.jpg
Entretien & Nettoyage,fccc23a3-96a3-4886-8c10-a6095e9c1f68,MPX_6712455,Lenor Adoucissant Envolée d'Air 40 Lavages 840ml,4.99,5.94,"['Entretien & Nettoyage', 'Lessive et soin du linge', 'Adoucissant', 'Concentré']",Lenor,True,False,false,,,840ml,[],https://courses.monoprix.fr/images-v3/0c44253f-c4a3-4340-9d37-d41e42b9d14a/1d1d5e87-1248-4d9b-b569-daf980d1028c/300x300.jpg
Entretien & Nettoyage,828033a5-19c5-45e6-85d2-6b1564ca20f4,MPX_6500929,Swiffer duster plumeau attrape poussières x9,8.99,8.99,"['Entretien & Nettoyage', 'Accessoire menager', 'Balais, serpillères et seaux']",Swiffer,True,False,false,,,,[],https://courses.monoprix.fr/images-v3/0c44253f-c4a3-4340-9d37-d41e42b9d14a/60adb6f6-5923-4dd6-96a4-995f9db13cef/300x300.jpg
Entretien & Nettoyage,9c0ce9fd-2b39-4faa-aa91-b58c98fb0146,MPX_6708518,"Mir Lessive Laine *27 Lavages 1,35L",8.99,6.66,"['Entretien & Nettoyage', 'Lessive et soin du linge', 'Lessive', 'Lessive liquide']",Mir refresh,True,False,false,,,1.35L,[],https://courses.monoprix.fr/images-v3/0c44253f-c4a3-4340-9d37-d41e42b9d14a/378e2d8a-d7a4-495e-9394-4d4215ba0acc/300x300.jpg
Entretien & Nettoyage,2e7ad00b-8f3b-4c00-8c87-00bcbcbc7be4,MPX_5591081,Kleenex Essuie Tout Essuie-Tout Maxi Ultra-Clean x2,4.59,2.3,"['Entretien & Nettoyage', 'Essuie tout et Papier toilette', 'Essuie tout']",Kleenex Essuie Tout,True,False,false,,,2 par pack,[],https://courses.monoprix.fr/images-v3/0c44253f-c4a3-4340-9d37-d41e42b9d14a/5b3a542c-2bc8-4d99-b599-af3cd7cb15b9/300x300.jpg
Entretien & Nettoyage,37b7a4fb-d8f0-4df0-a8fb-33298d7a133e,MPX_2822953,Rainett Liquide Vaisselle Peaux Sensibles Aloe Vera 500 Ml,2.09,4.18,"['Entretien & Nettoyage', 'Entretien écologique', 'Nettoyant vaisselle écologique']",Rainett,True,False,false,,,500ml,[],https://courses.monoprix.fr/images-v3/0c44253f-c4a3-4340-9d37-d41e42b9d14a/5ddf31f3-668d-4736-af84-aae2ed15b7ab/300x300.jpg
Entretien & Nettoyage,149f8a12-61f6-4e33-95b3-3c228c0f3118,MPX_5991555,Skip Lessive Liquide Active Clean 1.665L,11.9,7.15,"['Entretien & Nettoyage', 'Lessive et soin du linge', 'Lessive', 'Lessive liquide']",Skip,True,False,false,,,1.665L,[],https://courses.monoprix.fr/images-v3/0c44253f-c4a3-4340-9d37-d41e42b9d14a/757c4715-62fc-42d3-8990-75a4b0f16083/300x300.jpg
Entretien & Nettoyage,6478a937-8f39-47bc-bfc9-c9a34ccb14c9,MPX_6712457,Lenor Adoucissant Fraicheur de coton 40 Lavages 840ml,4.99,5.94,"['Entretien & Nettoyage', 'Lessive et soin du linge', 'Adoucissant', 'Concentré']",Lenor,True,False,false,,,840ml,[],https://courses.monoprix.fr/images-v3/0c44253f-c4a3-4340-9d37-d41e42b9d14a/d9e7c7e8-7a53-4da5-befc-58ef102c8a42/300x300.jpg
Entretien & Nettoyage,84314967-464d-46e0-9908-5e16223325cf,MPX_1740918,Rainett Liquide Vaisselle Main Écologique Dermosensitive 500 Ml,2.15,4.3,"['Entretien & Nettoyage', 'Entretien écologique', 'Nettoyant vaisselle écologique']",Rainett,True,False,false,,,500ml,[],https://courses.monoprix.fr/images-v3/0c44253f-c4a3-4340-9d37-d41e42b9d14a/6ddd15a9-8bad-43ad-8ab4-dd7708dbecc7/300x300.jpg
Entretien & Nettoyage,47b6f215-264c-47d6-b5a2-c299e834cf8e,MPX_6712454,Lenor Adoucissant Ambre & Orchidée 840ml,4.99,5.94,"['Entretien & Nettoyage', 'Lessive et soin du linge', 'Adoucissant', 'Concentré']",Lenor,True,False,false,,,840ml,[],https://courses.monoprix.fr/images-v3/0c44253f-c4a3-4340-9d37-d41e42b9d14a/97b4e583-34a6-40ee-8c0e-aa7e2ba2ee8f/300x300.jpg
Entretien & Nettoyage,ec96efa0-ce28-43c9-a436-0055f994b31b,MPX_3754753,Bref Bloc Wc Marine 50 g,2.99,59.8,"['Entretien & Nettoyage', 'Salle de bain, WC et Déboucheur', 'Nettoyant WC']",Bref,True,False,false,,,50g,[],https://courses.monoprix.fr/images-v3/0c44253f-c4a3-4340-9d37-d41e42b9d14a/90eba857-0c6f-496c-aa91-7b183a3b2714/300x300.jpg
Entretien & Nettoyage,501ed7ad-7624-44df-b854-fe870a0a4e5d,MPX_4123749,Bref deluxe entretien WC magnolia bloc 50g,2.79,55.8,"['Entretien & Nettoyage', 'Salle de bain, WC et Déboucheur', 'Nettoyant WC']",Bref,True,False,false,,,50g,[],https://courses.monoprix.fr/images-v3/0c44253f-c4a3-4340-9d37-d41e42b9d14a/ee0cac62-b4a0-46cc-9a1d-24f50dec5bf9/300x300.jpg
Entretien & Nettoyage,3d2bf813-6d93-4988-bf41-9bfdf2445c3b,MPX_5991554,Skip lessive liquide sensitive 1.665L,11.9,7.01,"['Entretien & Nettoyage', 'Lessive et soin du linge', 'Lessive', 'Lessive liquide']",Skip,True,False,false,,,1.698L,[],https://courses.monoprix.fr/images-v3/0c44253f-c4a3-4340-9d37-d41e42b9d14a/e14d737b-de94-42b9-ba27-a48865bffaff/300x300.jpg
Entretien & Nettoyage,c4e880ee-bdcc-41e0-adae-c42c7184e3b1,MPX_6708516,"Mir Refresh Lessive Liquide Linge Noir 27 Lavages 1,35 L",8.99,6.66,"['Entretien & Nettoyage', 'Lessive et soin du linge', 'Lessive', 'Lessive liquide']",Mir refresh,True,False,false,,,1.35L,[],https://courses.monoprix.fr/images-v3/0c44253f-c4a3-4340-9d37-d41e42b9d14a/3a2c633c-bfb9-4b1e-8dda-ee69d1480a34/300x300.jpg
Entretien & Nettoyage,0ae086dd-a45c-417a-9093-00067bd65ce8,MPX_6679600,Le Chat sensitive savon de Marseille 63 lavages 2.8L,18.9,6.67,"['Entretien & Nettoyage', 'Lessive et soin du linge', 'Lessive', 'Lessive liquide']",Le Chat,True,False,false,,,2.835L,[],https://courses.monoprix.fr/images-v3/0c44253f-c4a3-4340-9d37-d41e42b9d14a/659ddc1a-3396-4c16-830d-21e23f8a58a6/300x300.jpg
Entretien & Nettoyage,5775b983-bd86-430a-b61e-7b1892673c8e,MPX_5539979,Eau Ecarlate Décolor stop maxi protect x37,8.65,0.23,"['Entretien & Nettoyage', 'Lessive et soin du linge', 'Détachant et Anti-décoloration', 'Anti-coloration']",Décolor Stop,True,False,false,,,37 par pack,[],https://courses.monoprix.fr/images-v3/0c44253f-c4a3-4340-9d37-d41e42b9d14a/ac891dda-3953-4cd6-aae9-b11331ff54a1/300x300.jpg
Entretien & Nettoyage,16235e70-0293-43f7-bdc8-3bb3619ec9fe,MPX_6712456,Lenor Adoucissant Fleur de Cerisier 40 Lavages 840ml,4.99,5.94,"['Entretien & Nettoyage', 'Lessive et soin du linge', 'Adoucissant', 'Concentré']",Lenor,True,False,false,,,840ml,[],https://courses.monoprix.fr/images-v3/0c44253f-c4a3-4340-9d37-d41e42b9d14a/8c11a610-2f74-4994-940f-9eded5b731ed/300x300.jpg
Entretien & Nettoyage,dbfb7622-8bd7-4ebd-a67f-650c36e30cb4,MPX_6564937,Swiffer Lingettes Balai x36,8.45,8.45,"['Entretien & Nettoyage', 'Accessoire menager', 'Eponge et lavette']",Swiffer,True,False,false,,,,[],https://courses.monoprix.fr/images-v3/0c44253f-c4a3-4340-9d37-d41e42b9d14a/72d0ab35-9c5d-44de-8cde-92da00e8488a/300x300.jpg
Entretien & Nettoyage,5e96556e-10dd-4779-b603-0f7bcd1142d4,MPX_6595702,Sun capsule lave vaisselle brillance x28,10.49,0.37,"['Entretien & Nettoyage', 'Produits Nettoyants et Multi Usages', 'Produit Vaisselle', 'Tablette et dose lave vaisselle']",Sun,True,False,false,,,28 par pack,[],https://courses.monoprix.fr/images-v3/0c44253f-c4a3-4340-9d37-d41e42b9d14a/426184ba-e084-4ef7-9349-36da70d0ba66/300x300.jpg
Entretien & Nettoyage,be45b282-8a36-41ea-859d-fc22f9113cbc,MPX_6708517,"Mir Refresh Lessive Liquide Raviveur De Couleurs 27 Lavages 1,35 L",8.99,6.66,"['Entretien & Nettoyage', 'Lessive et soin du linge', 'Lessive', 'Lessive liquide']",Mir refresh,True,False,false,,,1.35L,[],https://courses.monoprix.fr/images-v3/0c44253f-c4a3-4340-9d37-d41e42b9d14a/839aa432-65ed-42af-aedc-dec656a09383/300x300.jpg
Entretien & Nettoyage,8075ce47-0d40-4e4c-ac18-d3c3f4025bd8,MPX_2822952,Rainett Liquide Vaisselle Main Dégraissant Citron Vert 750 Ml,2.59,3.45,"['Entretien & Nettoyage', 'Entretien écologique', 'Nettoyant vaisselle écologique']",Rainett,True,False,false,,,750ml,[],https://courses.monoprix.fr/images-v3/0c44253f-c4a3-4340-9d37-d41e42b9d14a/a42990fd-b5da-45ca-8ba1-a4e0b45d95b4/300x300.jpg
Entretien & Nettoyage,d8f0dc8d-f23f-4771-b518-79164786050f,MPX_4218454,Swiffer llingette lingettes humides antibactériennes citron x10,5.65,0.57,"['Entretien & Nettoyage', 'Produits Nettoyants et Multi Usages', 'Multi usages', 'Lingette']",Swiffer,True,False,false,,,10 par pack,[],https://courses.monoprix.fr/images-v3/0c44253f-c4a3-4340-9d37-d41e42b9d14a/c20ed845-eeaa-4005-93f6-9a128f23a02b/300x300.jpg
Entretien & Nettoyage,23d3d7e9-a83e-4e8a-80ec-89acb86227eb,MPX_6718857,Sun Tablette Lave-Vaisselle Tout en 1 *46 759g,11.29,14.87,"['Entretien & Nettoyage', 'Produits Nettoyants et Multi Usages', 'Produit Vaisselle', 'Tablette et dose lave vaisselle']",Sun,True,False,false,,,759g,[],https://courses.monoprix.fr/images-v3/0c44253f-c4a3-4340-9d37-d41e42b9d14a/74b2332d-be9d-42de-b67a-6c003c2140b0/300x300.jpg
Entretien & Nettoyage,47ab3044-1ac8-42b8-abd6-ca2368c5c44e,MPX_5642277,Skip Lessive Capsules 3 En 1 Fraîcheur Intense X26,15.9,28.86,"['Entretien & Nettoyage', 'Lessive et soin du linge', 'Lessive', 'Lessive en dosettes']",Skip,True,False,false,,,0.551kg,[],https://courses.monoprix.fr/images-v3/0c44253f-c4a3-4340-9d37-d41e42b9d14a/5ea874cc-2a78-4aba-9fb6-0bc1a20b5252/300x300.jpg
Entretien & Nettoyage,22f21cf5-6aab-456a-9101-15ecd385828d,MPX_6692784,Finish Power Plus Tout en 1 Tablette Lave-Vaisselle *54,15.29,0.28,"['Entretien & Nettoyage', 'Produits Nettoyants et Multi Usages', 'Produit Vaisselle', 'Tablette et dose lave vaisselle']",Finish,True,False,false,,,54 par pack,[],https://courses.monoprix.fr/images-v3/0c44253f-c4a3-4340-9d37-d41e42b9d14a/deb14428-b101-4e17-af80-07489b8a19dc/300x300.jpg
Entretien & Nettoyage,76da1581-3546-4846-913a-c52fb4445652,MPX_5261511,Handy Bag Sacs Poubelle Liens Pratiques Ultra Résistant 50L *10,3.89,0.39,"['Entretien & Nettoyage', 'Accessoire menager', 'Sac poubelle', '50L']",Handy bag,True,False,false,,,10 par pack,[],https://courses.monoprix.fr/images-v3/0c44253f-c4a3-4340-9d37-d41e42b9d14a/c122a958-cc1f-401f-9025-f779ca3ef430/300x300.jpg
Entretien & Nettoyage,1a077e6f-98a8-4b66-855a-dda5341b756f,MPX_3416691,Rainett Tablettes Machine Ecolabel Lave-Vaisselle Tout-En-1 Citron Vert X30,7.95,13.25,"['Entretien & Nettoyage', 'Produits Nettoyants et Multi Usages', 'Produit Vaisselle', 'Tablette et dose lave vaisselle']",Rainett,True,False,false,,,600g,[],https://courses.monoprix.fr/images-v3/0c44253f-c4a3-4340-9d37-d41e42b9d14a/4cf2eb72-0bb3-4f09-85c1-41933eaa8dc7/300x300.jpg
Entretien & Nettoyage,dc1c185f-e43d-42f2-854f-f9d582f1730d,MPX_6738053,Le Chat Sensitive Discs Lessive Aloe Vera & Savon de Marseille *23 Lavages,11.9,0.52,"['Entretien & Nettoyage', 'Lessive et soin du linge', 'Lessive', 'Lessive en dosettes']",Le Chat,True,False,false,,,23 par pack,[],https://courses.monoprix.fr/images-v3/0c44253f-c4a3-4340-9d37-d41e42b9d14a/0c8576a5-8640-437b-a1c7-6feb44bdd2bd/300x300.jpg
Entretien & Nettoyage,20c40dfe-fde7-47eb-9fe6-44b3ffe11921,MPX_6625679,"Skip Lessive Liquide Cajoline 1,53L",10.5,6.86,"['Entretien & Nettoyage', 'Lessive et soin du linge', 'Lessive', 'Lessive liquide']",Skip,True,False,false,,,1.53L,[],https://courses.monoprix.fr/images-v3/0c44253f-c4a3-4340-9d37-d41e42b9d14a/65864e70-c89e-4df9-a657-396de0146394/300x300.jpg
Entretien & Nettoyage,c23bb939-df80-4798-a997-a9e87ce815c6,MPX_6718856,Sun Tablette Lave-Vaisselle Tout en 1 *46,11.29,0.25,"['Entretien & Nettoyage', 'Produits Nettoyants et Multi Usages', 'Produit Vaisselle', 'Tablette et dose lave vaisselle']",Sun,True,False,false,,,46 par pack,[],https://courses.monoprix.fr/images-v3/0c44253f-c4a3-4340-9d37-d41e42b9d14a/6a9fd9ed-0f2a-4038-9b8b-c08712f3cd44/300x300.jpg
Entretien & Nettoyage,d39c3895-9361-41b3-a5c3-5b6082e8fb40,MPX_5632078,Skip lessive capsule 3 en 1 active clean x26,15.9,28.86,"['Entretien & Nettoyage', 'Lessive et soin du linge', 'Lessive', 'Lessive en dosettes']",Skip,True,False,false,,,551g,[],https://courses.monoprix.fr/images-v3/0c44253f-c4a3-4340-9d37-d41e42b9d14a/60d3fc11-c029-4aea-8bfa-aa9ccfeaf3c4/300x300.jpg
Entretien & Nettoyage,8249cc87-aaff-48cd-adae-b8bcf06b4072,MPX_6708725,Sun Absolu Plus Tout en 1 Capsules Lessive Bio Enzymes *26,10.79,10.79,"['Entretien & Nettoyage', 'Produits Nettoyants et Multi Usages', 'Produit Vaisselle', 'Tablette et dose lave vaisselle']",Sun,True,False,false,,,,[],https://courses.monoprix.fr/images-v3/0c44253f-c4a3-4340-9d37-d41e42b9d14a/294316b6-9ef3-45e6-9a25-cc8936ae8b0b/300x300.jpg
Entretien & Nettoyage,b692d8c8-b4c9-44c4-bb84-fdff4679f00f,MPX_6625678,"Skip Lessive Liquide Extra Détachant 1,53L",10.5,6.5,"['Entretien & Nettoyage', 'Lessive et soin du linge', 'Lessive', 'Lessive liquide']",Skip,True,False,false,,,1.616L,[],https://courses.monoprix.fr/images-v3/0c44253f-c4a3-4340-9d37-d41e42b9d14a/ab377e2a-cbf0-46c5-bb11-29b78b877887/300x300.jpg
Entretien & Nettoyage,b7b74738-57ec-4311-ac4d-987f86ea7e44,MPX_6641545,Rainett Liquide Vaisselle Concentré Vinaigre De Framboise Ecolabel 500 ml,2.19,4.38,"['Entretien & Nettoyage', 'Produits Nettoyants et Multi Usages', 'Produit Vaisselle', 'Liquide vaisselle']",Rainett,True,False,false,,,500ml,[],https://courses.monoprix.fr/images-v3/0c44253f-c4a3-4340-9d37-d41e42b9d14a/10c50427-6dea-48d9-a035-19e49c27d8c7/300x300.jpg
Entretien & Nettoyage,93698722-b6dd-4069-9857-38674bcc8d37,MPX_5642276,Skip Lessive Capsules 3 en 1 Sensitive *26 551g,15.9,28.86,"['Entretien & Nettoyage', 'Lessive et soin du linge', 'Lessive', 'Lessive en dosettes']",Skip,True,False,false,,,551g,[],https://courses.monoprix.fr/images-v3/0c44253f-c4a3-4340-9d37-d41e42b9d14a/2a652fc9-ba44-420d-9079-b31335cae17e/300x300.jpg
Entretien & Nettoyage,66a4dd3b-f161-4ac9-a93a-5255b286dda0,MPX_5394923,Dr Beckmann Lessive en Feuilles Magiques Fraicheur Intense x25,5.69,0.23,"['Entretien & Nettoyage', 'Lessive et soin du linge', 'Lessive', 'Lessive en poudre']",Dr Beckmann,True,False,false,,,25 par pack,[],https://courses.monoprix.fr/images-v3/0c44253f-c4a3-4340-9d37-d41e42b9d14a/de44f811-9304-417e-839a-e478724d2437/300x300.jpg
Entretien & Nettoyage,03776297-b2c3-483a-b6b2-150c36bdfbd6,MPX_1559401,Monoprix Gants Fin en Latex x10 Taille M,1.75,0.18,"['Entretien & Nettoyage', 'Accessoire menager', 'Gant']",Monoprix,True,False,false,,,10 par pack,[],https://courses.monoprix.fr/images-v3/0c44253f-c4a3-4340-9d37-d41e42b9d14a/50ab28c2-f6f0-4d27-bbff-775bca82a9f6/300x300.jpg
Entretien & Nettoyage,b492f0d3-6a08-4e40-b340-99360cdea6e7,MPX_2160601,Vanish Activateur De Blanc Anti-Grisaille x10,3.49,0.35,"['Entretien & Nettoyage', 'Lessive et soin du linge', 'Détachant et Anti-décoloration', 'Détachant']",Vanish,True,False,false,6.0,MONTH,10 par pack,[],https://courses.monoprix.fr/images-v3/0c44253f-c4a3-4340-9d37-d41e42b9d14a/34ca7734-d7f6-4e3a-a22e-c3ba564e80eb/300x300.jpg
Entretien & Nettoyage,f44aa613-1133-44d4-b5e5-44bc0602fac4,MPX_809204,Eau Déminéralisée 1 L,1.75,1.75,"['Entretien & Nettoyage', 'Lessive et soin du linge', 'Eau déminéralisée']",ONYX BRICOLAGE,True,False,false,,,1L,[],https://courses.monoprix.fr/images-v3/0c44253f-c4a3-4340-9d37-d41e42b9d14a/7efa455d-879f-45c3-8312-cbc651d140c4/300x300.jpg
Entretien & Nettoyage,127c1808-3f8f-40cd-8812-77f3c1a9df87,MPX_6718859,Sun Liquide de Rinçage Lave-Vaisselle Séchage 500ml,4.89,9.78,"['Entretien & Nettoyage', 'Produits Nettoyants et Multi Usages', 'Produit Vaisselle', 'Tablette et dose lave vaisselle']",Sun,True,False,false,,,500ml,[],https://courses.monoprix.fr/images-v3/0c44253f-c4a3-4340-9d37-d41e42b9d14a/0d233249-7fa7-46b3-9130-1e68b2f24542/300x300.jpg
Entretien & Nettoyage,b0343c78-cdee-4e28-9aae-060e7bb9eb2d,MPX_2295113,Palmolive Original Liquide Vaisselle À L'Amande Douce 750Ml,2.35,3.13,"['Entretien & Nettoyage', 'Produits Nettoyants et Multi Usages', 'Produit Vaisselle', 'Liquide vaisselle']",Palmolive,True,False,false,,,750ml,[],https://courses.monoprix.fr/images-v3/0c44253f-c4a3-4340-9d37-d41e42b9d14a/bc584df7-dcea-4097-8766-fb5d8823cf9b/300x300.jpg
Entretien & Nettoyage,04a00b7e-2c5d-4d3c-a05f-9493d7919b1e,MPX_1686432,Monoprix Spray Anti-Calcaire 750ml,3.09,4.12,"['Entretien & Nettoyage', 'Lessive et soin du linge', 'Anti-calcaire']",Monoprix,True,False,false,,,750ml,[],https://courses.monoprix.fr/images-v3/0c44253f-c4a3-4340-9d37-d41e42b9d14a/3e8e5905-d02f-4cac-b097-cf5a6a3a3ebb/300x300.jpg
Entretien & Nettoyage,e4977c75-e11e-40c6-8e16-5ed51bce593e,MPX_6630233,Lotus L'essentiel Blanc Rouleaux Essuie-tout x3,2.89,2.89,"['Entretien & Nettoyage', 'Essuie tout et Papier toilette', 'Essuie tout']",Lotus,True,False,false,,,,[],https://courses.monoprix.fr/images-v3/0c44253f-c4a3-4340-9d37-d41e42b9d14a/4b3681e5-2ec9-445f-ac93-19baf617c295/300x300.jpg
Entretien & Nettoyage,fde32075-335f-4d1d-9e5f-4c67fb8bde99,MPX_6500924,Mr. Propre flash propreté désinfectant pomme 500ml,3.59,7.18,"['Entretien & Nettoyage', 'Produits Nettoyants et Multi Usages', 'Multi usages', 'Spray et Recharge']",Mr Propre,True,False,false,,,500ml,[],https://courses.monoprix.fr/images-v3/0c44253f-c4a3-4340-9d37-d41e42b9d14a/8cc0f10f-5468-4fb7-8bed-1a219733ffb1/300x300.jpg
Entretien & Nettoyage,0f6b63a2-ef7b-4d6d-955e-6923cc058bc7,MPX_6609920,Antikal original gel 750ml,3.69,4.92,"['Entretien & Nettoyage', 'Produits Nettoyants et Multi Usages', 'Multi usages', 'Gel et Crème']",Antikal,True,False,false,,,750ml,[],https://courses.monoprix.fr/images-v3/0c44253f-c4a3-4340-9d37-d41e42b9d14a/22856e98-c458-43e5-a5c5-84dc8d93728e/300x300.jpg
Entretien & Nettoyage,ce0ae0ad-f552-470c-baf4-cdd1c9235bc0,MPX_6628348,WC Net Bloc Toilettes Agrumes Iris 38g,2.99,2.99,"['Entretien & Nettoyage', 'Salle de bain, WC et Déboucheur', 'Nettoyant WC']",WC Net,True,False,false,,,,[],https://courses.monoprix.fr/images-v3/0c44253f-c4a3-4340-9d37-d41e42b9d14a/a827dc87-ff26-4c41-a8a2-562d47660250/300x300.jpg
Entretien & Nettoyage,59e62f2e-6023-4372-8d48-427026fc9da6,MPX_6610061,Mr Propre Nettoyant Dilué senteur Citrons d'Eté 1.3L,3.49,2.68,"['Entretien & Nettoyage', 'Produits Nettoyants et Multi Usages', 'Multi usages', 'Gel et Crème']",Mr Propre,True,False,false,,,1.3L,[],https://courses.monoprix.fr/images-v3/0c44253f-c4a3-4340-9d37-d41e42b9d14a/bdb1d1f5-925a-4a78-af5b-cf00a5666810/300x300.jpg
Entretien & Nettoyage,ad2b449d-d66e-4104-9998-ce56f451e955,MPX_2638864,"Destop Entretien Canalisations, Parfum Intense Pin 75 Cl",4.55,6.07,"['Entretien & Nettoyage', 'Salle de bain, WC et Déboucheur', 'Déboucheur']",Destop,True,False,false,6.0,MONTH,750ml,[],https://courses.monoprix.fr/images-v3/0c44253f-c4a3-4340-9d37-d41e42b9d14a/6896afae-ad38-4621-88c2-e1f51122c18e/300x300.jpg
Entretien & Nettoyage,ac9a5cbc-ff53-4127-9b69-a28fa69a4392,MPX_6600953,"Rainett Lessive Liquide Peaux sensibles Aloe Vera 1,65l",7.69,4.64,"['Entretien & Nettoyage', 'Lessive et soin du linge', 'Lessive', 'Lessive liquide']",Rainett,True,False,false,,,1.656L,[],https://courses.monoprix.fr/images-v3/0c44253f-c4a3-4340-9d37-d41e42b9d14a/e06179b2-976a-45bf-8e8f-28a1b47aeb8c/300x300.jpg
Entretien & Nettoyage,002fba47-9334-4b35-be40-3075c805f827,MPX_5261509,Handy Bag Sacs Poubelle Fixation Élastique Ultra-Résistant 30L *15,4.19,0.28,"['Entretien & Nettoyage', 'Accessoire menager', 'Sac poubelle', '30L']",Handy bag,True,False,false,,,15 par pack,[],https://courses.monoprix.fr/images-v3/0c44253f-c4a3-4340-9d37-d41e42b9d14a/eb52a9bd-27f4-47fc-b313-28452b02df19/300x300.jpg
Entretien & Nettoyage,1b96ee8a-11e1-42d3-ab63-9618c681cf0e,MPX_3576253,Monoprix Liquide Vaisselle Désinfectant Ultra Dégraissant 500Ml,1.65,3.3,"['Entretien & Nettoyage', 'Produits Nettoyants et Multi Usages', 'Produit Vaisselle', 'Liquide vaisselle']",Monoprix,True,False,false,,,500ml,[],https://courses.monoprix.fr/images-v3/0c44253f-c4a3-4340-9d37-d41e42b9d14a/9d4229e4-5e4b-4620-99dd-58eb7a2ada3c/300x300.jpg
Entretien & Nettoyage,81debd87-a190-41a4-8239-1c3d02d6b4ae,MPX_3343510,L'Arbre Vert Adoucissant Concentré Souffle de Pureté Ecologique 800ml,4.85,6.06,"['Entretien & Nettoyage', 'Lessive et soin du linge', 'Adoucissant', 'Concentré']",L'Arbre Vert,True,False,false,,,800ml,[],https://courses.monoprix.fr/images-v3/0c44253f-c4a3-4340-9d37-d41e42b9d14a/71a39377-7ff8-488d-8c88-054b42ffac96/300x300.jpg
Entretien & Nettoyage,952b6997-da43-451b-86ba-fd95de15626f,MPX_5186462,ALBAL Film Fraîcheur Adhérent 20m,2.19,2.19,"['Entretien & Nettoyage', 'Accessoire menager', 'Emballage alimentaire', 'Film alimentaire']",Albal,True,False,false,,,,[],https://courses.monoprix.fr/images-v3/0c44253f-c4a3-4340-9d37-d41e42b9d14a/2275e001-d855-438f-94ad-f0e8e74ea48d/300x300.jpg
Entretien & Nettoyage,904f7ab4-f08d-435a-8ad2-5a920a8edab1,MPX_2350069,L'Arbre Vert Nettoyant Anti-Calcaire Au Vinaigre Blanc 74 Cl,4.25,5.74,"['Entretien & Nettoyage', 'Salle de bain, WC et Déboucheur', 'Nettoyant Salle de bain']",L'ARBRE VERT,True,False,false,,,740ml,[],https://courses.monoprix.fr/images-v3/0c44253f-c4a3-4340-9d37-d41e42b9d14a/cd56d57b-db4d-4545-94aa-5f1ae07f6f60/300x300.jpg
Entretien & Nettoyage,943fc2f1-34e5-48f9-9575-8531c0ce6588,MPX_6712936,Cilit Bang Spray Nettoyant Expert Crasse & Calcaire 750ml,4.89,6.52,"['Entretien & Nettoyage', 'Produits Nettoyants et Multi Usages', 'Multi usages', 'Spray et Recharge']",Cillit bang,True,False,false,,,750ml,[],https://courses.monoprix.fr/images-v3/0c44253f-c4a3-4340-9d37-d41e42b9d14a/87a6c91c-ea16-4bfd-aed3-e90047d4fc8e/300x300.jpg
Entretien & Nettoyage,a90d2e29-64ea-436f-a853-174bd55fec5a,MPX_2638469,Wc Net Déboucheur Gel Épais Soude + Javel 1L,3.79,3.79,"['Entretien & Nettoyage', 'Salle de bain, WC et Déboucheur', 'Déboucheur']",Ouragan,True,False,false,6.0,MONTH,1L,[],https://courses.monoprix.fr/images-v3/0c44253f-c4a3-4340-9d37-d41e42b9d14a/9a3c61c7-ac81-4378-bfdf-3cf24b385181/300x300.jpg
Entretien & Nettoyage,8eb188e9-38c7-473d-8475-d6d7a47da20f,MPX_3380000,Monoprix Je Suis Vert Anticalcaire Au Vinaigre Blanc 75 Cl,3.89,5.19,"['Entretien & Nettoyage', 'Entretien écologique', 'Produit nettoyant écologique']",Monoprix Je suis Vert,True,False,false,,,75cl,[],https://courses.monoprix.fr/images-v3/0c44253f-c4a3-4340-9d37-d41e42b9d14a/40eb8ffc-945a-4cdf-a57d-f6e8d0f16aed/300x300.jpg
Entretien & Nettoyage,5e8362ba-74b2-447f-a5e6-5b7f08438ac8,MPX_4165512,Monoprix Liquide vaisselle citron bergamote 500ml,1.35,2.7,"['Entretien & Nettoyage', 'Produits Nettoyants et Multi Usages', 'Produit Vaisselle', 'Liquide vaisselle']",Monoprix,True,False,false,,,500ml,[],https://courses.monoprix.fr/images-v3/0c44253f-c4a3-4340-9d37-d41e42b9d14a/645c01fe-a76f-4e39-9792-9d80f55e86a3/300x300.jpg
Entretien & Nettoyage,1f4e8e73-7852-450b-9528-755ac0f3d6c9,MPX_6738065,Mir Liquide Vaisselle Vinaigre & Pamplemousse 450ml,2.29,5.09,"['Entretien & Nettoyage', 'Produits Nettoyants et Multi Usages', 'Produit Vaisselle', 'Liquide vaisselle']",Mir,True,False,false,,,450ml,[],https://courses.monoprix.fr/images-v3/0c44253f-c4a3-4340-9d37-d41e42b9d14a/89088918-7540-40d9-b594-8228c70899b6/300x300.jpg
Entretien & Nettoyage,53bd1613-e464-473d-8b94-17f8402d932d,MPX_3379997,Monoprix Je Suis Vert Liquide de Rinçage 500ml,1.99,3.98,"['Entretien & Nettoyage', 'Produits Nettoyants et Multi Usages', 'Produit Vaisselle', 'Entretien lave vaisselle']",Monoprix Je suis Vert,True,False,false,,,500ml,[],https://courses.monoprix.fr/images-v3/0c44253f-c4a3-4340-9d37-d41e42b9d14a/12e19e7e-51b7-4e79-9037-3c59984a532b/300x300.jpg
Entretien & Nettoyage,9fce999e-33f7-4ab1-8843-17392fb60ec6,MPX_5186458,ALBAL Sacs multi-usages Zipper Fermeture à curseur Petit Modèle 1L x12,2.95,0.25,"['Entretien & Nettoyage', 'Accessoire menager', 'Emballage alimentaire', 'Film alimentaire']",Albal,True,False,false,,,12 par pack,[],https://courses.monoprix.fr/images-v3/0c44253f-c4a3-4340-9d37-d41e42b9d14a/d594ad6c-2026-413b-bf9b-2310f6425531/300x300.jpg
Entretien & Nettoyage,937e325f-4a73-4987-9a60-59e5cbcaaaf0,MPX_4165514,Monoprix Recharge Nettoyant Lave Vitres 3 En 1 750Ml,1.79,2.39,"['Entretien & Nettoyage', 'Produits Nettoyants et Multi Usages', 'Nettoyant Vitre', 'Recharge']",Monoprix,True,False,false,,,749ml,[],https://courses.monoprix.fr/images-v3/0c44253f-c4a3-4340-9d37-d41e42b9d14a/5fc40e81-d030-4d8d-97c6-eb1e923ce17f/300x300.jpg
Entretien & Nettoyage,b41f5587-812b-4982-8739-123ff2b0a1df,MPX_2291878,Calgon Tablettes Anti Calcaire Pour Lave-Linge X17,6.89,31.18,"['Entretien & Nettoyage', 'Lessive et soin du linge', 'Anti-calcaire']",Calgon,True,False,false,,,221g,[],https://courses.monoprix.fr/images-v3/0c44253f-c4a3-4340-9d37-d41e42b9d14a/24fcdcf6-da1b-48bd-9f1d-96146f131094/300x300.jpg
Entretien & Nettoyage,e7efb59e-0956-41a2-8fa9-deaf4db4a3ef,MPX_3537173,St Marc Spray nettoyant désinfectant 500ml,3.49,6.98,"['Entretien & Nettoyage', 'Produits Nettoyants et Multi Usages', 'Multi usages', 'Spray et Recharge']",SAINT MARC,True,False,false,6.0,MONTH,500ml,[],https://courses.monoprix.fr/images-v3/0c44253f-c4a3-4340-9d37-d41e42b9d14a/368925c1-3190-4e9a-a845-d8891c5e4718/300x300.jpg
Entretien & Nettoyage,9f33f7b4-759c-4d06-8794-c9da68a5b970,MPX_2138787,Briochin Vinaigre de ménage concentré 14° Ecocert 1L,4.55,4.55,"['Entretien & Nettoyage', 'Produits Nettoyants et Multi Usages', 'Produits nettoyants', 'Vinaigre']",Briochin,True,False,false,,,1L,[],https://courses.monoprix.fr/images-v3/0c44253f-c4a3-4340-9d37-d41e42b9d14a/573e393b-7f88-4202-9741-49634b47729b/300x300.jpg
Entretien & Nettoyage,5e222a9c-ac67-4280-99ec-872fb97d0633,MPX_3623312,Monoprix Je Suis Vert Sacs poubelle éco-responsables 100L X10,3.19,0.32,"['Entretien & Nettoyage', 'Accessoire menager', 'Sac poubelle', '100L et plus']",MONOP PROD. VERTS,True,False,false,,,10 par pack,[],https://courses.monoprix.fr/images-v3/0c44253f-c4a3-4340-9d37-d41e42b9d14a/564756f2-da81-4958-9ad8-68da872cfd13/300x300.jpg
Entretien & Nettoyage,a3c79cb2-658d-45fb-8f8d-ff5e72610ded,MPX_4514018,La Croix Eau De Javel Fraîcheur Tonique 3X250Ml,2.59,3.45,"['Entretien & Nettoyage', 'Produits Nettoyants et Multi Usages', 'Multi usages']",La Croix,True,False,false,6.0,MONTH,750ml,[],https://courses.monoprix.fr/images-v3/0c44253f-c4a3-4340-9d37-d41e42b9d14a/64675d25-9954-4fe0-b20b-d6a649b531ad/300x300.jpg
Entretien & Nettoyage,f097afde-d992-4d65-95e7-b03d911149f7,MPX_1387074,Monoprix éponges végétales récurantes pour surfaces encrassées x 2,1.49,0.75,"['Entretien & Nettoyage', 'Accessoire menager', 'Eponge et lavette']",Monoprix,True,False,false,,,2 par pack,[],https://courses.monoprix.fr/images-v3/0c44253f-c4a3-4340-9d37-d41e42b9d14a/acde48a9-2b0a-4574-b3c6-1c1fa473a1ec/300x300.jpg
Entretien & Nettoyage,cb91815d-0a22-4c7c-a188-514085b61d85,MPX_2216614,Vanish Détachant Textile Avant Lavage 750 ml,6.79,9.05,"['Entretien & Nettoyage', 'Lessive et soin du linge', 'Détachant et Anti-décoloration', 'Détachant']",Vanish,True,False,false,,,750ml,[],https://courses.monoprix.fr/images-v3/0c44253f-c4a3-4340-9d37-d41e42b9d14a/d231a0c6-9a37-45d5-8a1e-0a956d1b94f0/300x300.jpg
Entretien & Nettoyage,1c161563-e4a6-4e7a-b293-31a7fd327d92,MPX_3429938,Monoprix gel désinfectant multi-surfaces avec javel 1L,1.89,1.89,"['Entretien & Nettoyage', 'Produits Nettoyants et Multi Usages', 'Multi usages', 'Gel et Crème']",Monoprix,True,False,false,,,1L,[],https://courses.monoprix.fr/images-v3/0c44253f-c4a3-4340-9d37-d41e42b9d14a/57e3280d-5a71-4c29-85da-5a8cbb1ecce1/300x300.jpg
Entretien & Nettoyage,74e89449-2061-4d35-85e1-d2aa8c759476,MPX_6712445,Dash 2en1 Pods Envolée d'Air * 19 Lavages,9.99,0.53,"['Entretien & Nettoyage', 'Lessive et soin du linge', 'Lessive', 'Lessive en dosettes']",Dash,True,False,false,,,19 par pack,[],https://courses.monoprix.fr/images-v3/0c44253f-c4a3-4340-9d37-d41e42b9d14a/8c829777-998d-47cd-9850-2a55bacc2875/300x300.jpg
Entretien & Nettoyage,a4ced231-9164-48eb-92e7-d7dd902cd15b,MPX_6725198,Fairy Platinium Plus Tablette Lave-Vaisselle *25,9.99,26.85,"['Entretien & Nettoyage', 'Lessive et soin du linge', 'Lessive', 'Lessive en dosettes']",Fairy,True,False,false,,,0.372kg,[],https://courses.monoprix.fr/images-v3/0c44253f-c4a3-4340-9d37-d41e42b9d14a/5343d8d2-7c2b-4d63-ac9b-f8673950c647/300x300.jpg
Entretien & Nettoyage,9f4b1015-4fe3-4735-9400-5e060dc4adae,MPX_5196648,ALBAL Sacs Congélation Ultra Zip Fermeture Zip 1L x20,3.89,3.89,"['Entretien & Nettoyage', 'Accessoire menager', 'Emballage alimentaire', 'Sac de congélation et Sac à glaçon']",Albal,True,False,false,,,,[],https://courses.monoprix.fr/images-v3/0c44253f-c4a3-4340-9d37-d41e42b9d14a/cd7c7a5a-ddc7-4cf8-95d1-fc7294b465c9/300x300.jpg
Entretien & Nettoyage,19ac6b01-d234-4b62-8f3a-4799f4aa4a3c,MPX_6613410,L'Arbre Vert Doses Lessive Liquide Savon Végétal x24 633g,11.5,18.14,"['Entretien & Nettoyage', 'Lessive et soin du linge', 'Lessive', 'Lessive liquide']",L'arbre vert,True,False,false,,,634g,[],https://courses.monoprix.fr/images-v3/0c44253f-c4a3-4340-9d37-d41e42b9d14a/457a37ca-0c76-4701-9cb4-d2f24affa3b0/300x300.jpg
Entretien & Nettoyage,bc9eb8be-58b7-41a7-b4dc-27cf126c6bf1,MPX_2467978,Finish Powerball Tablettes Tout En 1 X100,21.5,13.19,"['Entretien & Nettoyage', 'Produits Nettoyants et Multi Usages', 'Produit Vaisselle', 'Tablette et dose lave vaisselle']",Finish,True,False,false,,,1.63kg,[],https://courses.monoprix.fr/images-v3/0c44253f-c4a3-4340-9d37-d41e42b9d14a/74b2ffce-1841-4de2-9e00-d2f8e155cf48/300x300.jpg
Entretien & Nettoyage,a808a8ed-d301-4d68-a57e-d1a1d9e54ae0,MPX_6662294,Handy Bag Sacs Poubelle Haute Fixation Elastique 50L *10,5.79,0.58,"['Entretien & Nettoyage', 'Accessoire menager', 'Sac poubelle', '50L']",Handy bag,True,False,false,,,10 par pack,[],https://courses.monoprix.fr/images-v3/0c44253f-c4a3-4340-9d37-d41e42b9d14a/271d9b2a-515d-48b2-9e91-81af146c0d86/300x300.jpg
Entretien & Nettoyage,716ad6a9-b367-4fc2-80ab-bf2fa6d76be5,MPX_2368034,Monoprix Lingettes Nettoyantes Optiques X30,3.19,0.11,"['Entretien & Nettoyage', 'Produits Nettoyants et Multi Usages', 'Multi usages', 'Lingette']",Monoprix,True,False,false,,,30 par pack,[],https://courses.monoprix.fr/images-v3/0c44253f-c4a3-4340-9d37-d41e42b9d14a/67d096fc-ec4e-4c9e-8acd-6989d5b81928/300x300.jpg
Entretien & Nettoyage,0a6f221d-2711-45aa-93f5-8bbe2383da06,MPX_967322,Monoprix 2 Recharges Brosses Adhésive Pour Textiles 24 Feuilles,3.79,0.16,"['Entretien & Nettoyage', 'Accessoire menager', 'Autres accessoires', 'Brosserie']",Monoprix,True,False,false,,,24 par pack,[],https://courses.monoprix.fr/images-v3/0c44253f-c4a3-4340-9d37-d41e42b9d14a/7b734842-715d-4128-bfcd-0c74a7751cb3/300x300.jpg
Entretien & Nettoyage,699f54b8-f7b2-412a-94d1-45518bfcf772,MPX_1386822,Vitroclen Nettoyant Vitrocéramique & Induction 25 Cl,4.35,17.4,"['Entretien & Nettoyage', 'Produits Nettoyants et Multi Usages', 'Nettoyant Cuisine', 'Cuisine']",Vitroclen,True,False,false,,,250ml,[],https://courses.monoprix.fr/images-v3/0c44253f-c4a3-4340-9d37-d41e42b9d14a/fbab73e4-ba7b-410a-ae7d-6ea7359f681f/300x300.jpg
Entretien & Nettoyage,07bb477b-e347-4b08-aadc-94d186e9c778,MPX_6719881,O'Cedar Nettoyant Parquets Classiques à la Cire d'Abeille 1L,3.99,3.99,"['Entretien & Nettoyage', 'Produits Nettoyants et Multi Usages', 'Nettoyant Sol', 'Parquet']",O'cedar,True,False,false,1.0,YEAR,1L,[],https://courses.monoprix.fr/images-v3/0c44253f-c4a3-4340-9d37-d41e42b9d14a/8b09dc65-39be-48d6-8ae5-59c04c3dc80d/300x300.jpg
Entretien & Nettoyage,b29bf88d-1f86-41f6-b716-be8bf02ab1e6,MPX_4165517,"Monoprix Nettoyant ménager verveine Marseille 1,25L",1.49,1.18,"['Entretien & Nettoyage', 'Produits Nettoyants et Multi Usages', 'Multi usages', 'Gel et Crème']",Monoprix,True,False,false,,,1.261L,[],https://courses.monoprix.fr/images-v3/0c44253f-c4a3-4340-9d37-d41e42b9d14a/bff8ae42-11fd-4f24-ad85-1882a9fb0362/300x300.jpg
Entretien & Nettoyage,19b10af1-1a00-4472-a59a-41625ead13fb,MPX_2079655,Albal Papier Aluminium Résistant,4.49,4.49,"['Entretien & Nettoyage', 'Accessoire menager', 'Emballage alimentaire', 'Aluminium']",Albal,True,False,false,,,,[],https://courses.monoprix.fr/images-v3/0c44253f-c4a3-4340-9d37-d41e42b9d14a/f7f0a3ff-4170-4022-823a-973e38a870a9/300x300.jpg
Entretien & Nettoyage,4424d332-8526-4c29-92c8-674d7dc39661,MPX_1951372,"Monoprix Gants Résistants Spécial Ménage, Latex Naturel, Taille L x2",2.45,2.45,"['Entretien & Nettoyage', 'Accessoire menager', 'Gant']",Monoprix,True,False,false,,,,[],https://courses.monoprix.fr/images-v3/0c44253f-c4a3-4340-9d37-d41e42b9d14a/bacbf8ef-21ad-4812-a778-115fd800e6cf/300x300.jpg
Entretien & Nettoyage,2a4176e2-9016-433e-b7c7-0710c6a7c9e9,MPX_1686423,Monoprix spray dégraissant et salle de bains 750ml,3.09,4.12,"['Entretien & Nettoyage', 'Salle de bain, WC et Déboucheur', 'Nettoyant Salle de bain']",Monoprix,True,False,false,,,750ml,[],https://courses.monoprix.fr/images-v3/0c44253f-c4a3-4340-9d37-d41e42b9d14a/9df8f020-79b8-435a-9f16-12cceb610f0d/300x300.jpg
Entretien & Nettoyage,e87caf43-39b1-4659-bc75-52da772adee8,MPX_6608791,"Briochin Recharge lessive au savon noir 1,7L - Parfum bouquet floral",7.39,4.35,"['Entretien & Nettoyage', 'Lessive et soin du linge', 'Lessive', 'Lessive liquide']",Briochin,True,False,false,,,1.7L,[],https://courses.monoprix.fr/images-v3/0c44253f-c4a3-4340-9d37-d41e42b9d14a/ce7e0d01-134b-4dc4-9064-090febfda24f/300x300.jpg
Entretien & Nettoyage,18210726-4f08-4ae3-8d0c-fc5fe6399798,MPX_6694810,Monoprix essuie-tout compact demi-feuilles absorbant,3.39,3.39,"['Entretien & Nettoyage', 'Essuie tout et Papier toilette', 'Essuie tout']",Monoprix,True,False,false,,,,[],https://courses.monoprix.fr/images-v3/0c44253f-c4a3-4340-9d37-d41e42b9d14a/350a4da6-3254-4c9f-83ec-317bc444791e/300x300.jpg
Entretien & Nettoyage,1ff4ba49-fed0-4f46-b995-568c6ad4209f,MPX_6712448,"Dash Lessive Liquide 2en1 Ambre & Orchidée *55 Lavages 2,55L",15.29,5.99,"['Entretien & Nettoyage', 'Lessive et soin du linge', 'Lessive', 'Lessive liquide']",Dash,True,False,false,,,2.551L,[],https://courses.monoprix.fr/images-v3/0c44253f-c4a3-4340-9d37-d41e42b9d14a/5d678463-8609-49b3-af71-5819afc99c47/300x300.jpg
Entretien & Nettoyage,c2abe7e9-ece8-4010-b7b5-eacb01c40f6f,MPX_6618097,Finish powerball liquide de rinçage & brillance 800ml,6.49,8.11,"['Entretien & Nettoyage', 'Produits Nettoyants et Multi Usages', 'Produit Vaisselle', 'Entretien lave vaisselle']",Finish,True,False,false,,,800ml,[],https://courses.monoprix.fr/images-v3/0c44253f-c4a3-4340-9d37-d41e42b9d14a/93dccc08-3333-464e-9c43-1f8bdaaf8127/300x300.jpg
Entretien & Nettoyage,0465e44d-9888-4040-9d84-f46c74097344,MPX_89055,Spontex  Tampon Flash *2,3.29,1.65,"['Entretien & Nettoyage', 'Accessoire menager', 'Eponge et lavette']",Spontex,True,False,false,,,2 par pack,[],https://courses.monoprix.fr/images-v3/0c44253f-c4a3-4340-9d37-d41e42b9d14a/1be3d319-df08-46be-86d1-800330d6ac6b/300x300.jpg
Entretien & Nettoyage,3d215c00-e4ce-4c83-b713-5e4527f8ec6b,MPX_3379989,"Monoprix Je Suis Vert Lessive Liquide Peaux Sensibles 1,98L",9.09,4.59,"['Bio', 'Entretien écologique', 'Lessive et Soin du linge écologique']",Monoprix Je Suis Vert,True,False,false,,,1.98L,[],https://courses.monoprix.fr/images-v3/0c44253f-c4a3-4340-9d37-d41e42b9d14a/a3288e4e-6976-43f9-909c-7da8b900610b/300x300.jpg
Entretien & Nettoyage,4eac596d-9ccb-4ca4-ac8a-81762f9de8e0,MPX_5186459,Albal Sacs Zipper Conservation Moyens Modèles X8,2.75,0.34,"['Entretien & Nettoyage', 'Accessoire menager', 'Emballage alimentaire', 'Sac de congélation et Sac à glaçon']",Albal,True,False,false,,,8 par pack,[],https://courses.monoprix.fr/images-v3/0c44253f-c4a3-4340-9d37-d41e42b9d14a/d82e66db-6b6c-486b-b34b-aee0eb7aa179/300x300.jpg
Entretien & Nettoyage,5d81c146-a50c-4993-9f4d-37c7abaf3a83,MPX_6500925,Mr. Propre Flash Propreté Dégraissant Citron 500ml,3.59,7.18,"['Entretien & Nettoyage', 'Produits Nettoyants et Multi Usages', 'Multi usages', 'Spray et Recharge']",Mr Propre,True,False,false,,,500ml,[],https://courses.monoprix.fr/images-v3/0c44253f-c4a3-4340-9d37-d41e42b9d14a/3a02949e-3c28-4417-8de7-c1d788e6f64b/300x300.jpg
Entretien & Nettoyage,5dd26e0a-f351-4760-a9ab-1cec5d9f592a,MPX_6626305,"Soupline Adoucissant Ultra concentré 3D Lavande 1,35L",7.59,5.62,"['Entretien & Nettoyage', 'Lessive et soin du linge', 'Adoucissant', 'Concentré']",Soupline,True,False,false,,,1.35L,[],https://courses.monoprix.fr/images-v3/0c44253f-c4a3-4340-9d37-d41e42b9d14a/b4777d39-b00a-4ea0-b31c-fc4eb40b63c8/300x300.jpg
Entretien & Nettoyage,c9fd18ea-367b-47ba-956e-7f58ecaf4d07,MPX_6727198,Febreze Désodorisant Aerosol Brume d'Air Pureté de Coton 185ml,3.69,19.95,"['Entretien & Nettoyage', 'Désodorisant et Insecticide', 'Désodorisant', 'Spray et vaporisateur']",Febreze,True,False,false,,,185ml,[],https://courses.monoprix.fr/images-v3/0c44253f-c4a3-4340-9d37-d41e42b9d14a/4d267b15-5386-4975-8304-02fafaeb3ed3/300x300.jpg
Entretien & Nettoyage,2ead1d84-05fd-4324-852b-5cea1c96bf6b,MPX_6621874,L'Arbre Vert liquide vaisselle ecolabel menthe basilic hypoallergénique 500ml,2.19,4.38,"['Entretien & Nettoyage', 'Produits Nettoyants et Multi Usages', 'Produit Vaisselle', 'Liquide vaisselle']",L'ARBRE VERT,True,False,false,,,0.5L,[],https://courses.monoprix.fr/images-v3/0c44253f-c4a3-4340-9d37-d41e42b9d14a/378f2889-9fbd-4289-9097-1f42fa49393f/300x300.jpg
Entretien & Nettoyage,897643b2-7fe9-40c8-9fdf-96f0f1934504,MPX_2535798,Briochin Liquide Vaisselle Mains au Savon Noir & Algues marines 500ml,5.15,10.3,"['Entretien & Nettoyage', 'Produits Nettoyants et Multi Usages', 'Produit Vaisselle', 'Liquide vaisselle']",Briochin,True,False,false,,,500ml,[],https://courses.monoprix.fr/images-v3/0c44253f-c4a3-4340-9d37-d41e42b9d14a/dabf6b64-d3f0-4c62-b12a-bd19f8b5b0d0/300x300.jpg
Entretien & Nettoyage,ef03ee2c-1594-4122-859a-a4ed04cd033c,MPX_5467906,Paic Citron Liquide Vaisselle Super Dégraissant 1.5L,4.59,3.06,"['Entretien & Nettoyage', 'Produits Nettoyants et Multi Usages', 'Produit Vaisselle', 'Liquide vaisselle']",Paic,True,False,false,,,1.5L,[],https://courses.monoprix.fr/images-v3/0c44253f-c4a3-4340-9d37-d41e42b9d14a/341cf8d2-6199-4da7-b4d3-161a7ee9ff43/300x300.jpg
Entretien & Nettoyage,100c0f24-4bdc-4a3c-9d83-216a3fa6e248,MPX_6628347,WC Net Bloc Toilettes Brise aquatique 38g,2.99,78.68,"['Entretien & Nettoyage', 'Salle de bain, WC et Déboucheur', 'Nettoyant WC']",Wc net,True,False,false,,,38g,[],https://courses.monoprix.fr/images-v3/0c44253f-c4a3-4340-9d37-d41e42b9d14a/53b66407-f9e7-44d0-b752-50355ff6aabd/300x300.jpg
Entretien & Nettoyage,2cf5212a-11e1-40f8-b47f-43c72576916c,MPX_6596041,Raid Gel Anti-Mites Lavande x2,4.59,2.3,"['Entretien & Nettoyage', 'Désodorisant et Insecticide', 'Insecticide et aérosol']",Raid,True,False,false,1.0,YEAR,2 par pack,[],https://courses.monoprix.fr/images-v3/0c44253f-c4a3-4340-9d37-d41e42b9d14a/a2dc37cc-d427-4c0e-8d7a-db3fd152f9ed/300x300.jpg
Entretien & Nettoyage,f62d063e-236b-440f-9c7e-ff49d72a4c54,MPX_2385746,Monoprix spray nettoyant au vinaigre ménager 750ml,2.79,3.72,"['Entretien & Nettoyage', 'Produits Nettoyants et Multi Usages', 'Produits nettoyants', 'Vinaigre']",Monoprix,True,False,false,,,750ml,[],https://courses.monoprix.fr/images-v3/0c44253f-c4a3-4340-9d37-d41e42b9d14a/38989939-ae0a-4bad-b312-f8bbad177262/300x300.jpg
Entretien & Nettoyage,2acf4cd1-50ba-45bc-925d-2c26014cfd50,MPX_2850488,Melitta Filtres À Café Original 1X4 40 Each,1.19,12.4,"['Entretien & Nettoyage', 'Accessoire menager', 'Autres accessoires', 'Filtre à café et détartrant']",Melitta,True,False,false,,,96g,[],https://courses.monoprix.fr/images-v3/0c44253f-c4a3-4340-9d37-d41e42b9d14a/f1dc584b-a41a-487c-b081-b75cf161a04f/300x300.jpg
Entretien & Nettoyage,2566b926-e1d3-4337-ade2-2e71eb5a26d7,MPX_5467927,"Ajax Fraicheur & Propreté Senteur Frais 1,5L",3.39,2.26,"['Entretien & Nettoyage', 'Produits Nettoyants et Multi Usages', 'Multi usages', 'Gel et Crème']",Ajax,True,False,false,,,1.5L,[],https://courses.monoprix.fr/images-v3/0c44253f-c4a3-4340-9d37-d41e42b9d14a/2700be61-2c0c-4d24-9642-25dfbb5e1a73/300x300.jpg
Entretien & Nettoyage,1f906b84-6911-45e2-b3c5-bfe809e21540,MPX_6566235,Cif Cleanboost Technologie Crème À Récurer Citron 750Ml,2.89,3.85,"['Entretien & Nettoyage', 'Produits Nettoyants et Multi Usages', 'Multi usages', 'Gel et Crème']",Cif,True,False,false,,,750ml,[],https://courses.monoprix.fr/images-v3/0c44253f-c4a3-4340-9d37-d41e42b9d14a/44c319d4-239e-4264-86fb-b55b785a5b85/300x300.jpg
Entretien & Nettoyage,d69b715e-d6ab-43b5-8710-6dcc5c2b88d3,MPX_645056,Spontex Eponge Salsa Power Anti-Calcaire *2,3.79,1.9,"['Entretien & Nettoyage', 'Accessoire menager', 'Eponge et lavette']",SPONTEX,True,False,false,,,2 par pack,[],https://courses.monoprix.fr/images-v3/0c44253f-c4a3-4340-9d37-d41e42b9d14a/b88ac8fe-396b-484d-b8de-0d21e099eacf/300x300.jpg
Entretien & Nettoyage,9f325cb8-358d-4055-9323-8b041e6cbd2b,MPX_3166043,Monoprix Tablettes Hydrosolubles Lave-Vaisselle 4 En 1 X30,6.39,13.31,"['Entretien & Nettoyage', 'Produits Nettoyants et Multi Usages', 'Produit Vaisselle', 'Tablette et dose lave vaisselle']",Monoprix,True,False,false,,,480g,[],https://courses.monoprix.fr/images-v3/0c44253f-c4a3-4340-9d37-d41e42b9d14a/5e4b4cb1-dc02-492e-a1c6-56dc800ed4c5/300x300.jpg
Entretien & Nettoyage,713de03e-b233-4e1a-bb97-6a36ba933752,MPX_6622186,Soupline Concentré Hypoallergénique x45 Lavages 1l,6.49,6.49,"['Entretien & Nettoyage', 'Lessive et soin du linge', 'Lessive', 'Lessive liquide']",Soupline,True,False,false,,,1L,[],https://courses.monoprix.fr/images-v3/0c44253f-c4a3-4340-9d37-d41e42b9d14a/05cbc06f-1a08-4419-9a23-99748197189a/300x300.jpg
Entretien & Nettoyage,ca7166e3-a140-4725-8645-c8869b0ff448,MPX_4111541,Rainett Recharge Liquide Vaisselle Mains Ecologique à l'Aloe Vera 1L,3.49,3.49,"['Entretien & Nettoyage', 'Produits Nettoyants et Multi Usages', 'Produit Vaisselle', 'Liquide vaisselle']",Rainett,True,False,false,,,1L,[],https://courses.monoprix.fr/images-v3/0c44253f-c4a3-4340-9d37-d41e42b9d14a/042c23c9-cd9d-4498-b913-cbe697fc8fbf/300x300.jpg
Entretien & Nettoyage,85f295b8-8042-4e5e-8cd3-8beffe3ecaf3,MPX_3380001,Monoprix Je Suis Vert Nettoyant vitres - Je Suis Vert 75 cl,3.69,4.92,"['Entretien & Nettoyage', 'Entretien écologique', 'Produit nettoyant écologique']",Monoprix Je Suis Vert,True,False,false,,,75cl,[],https://courses.monoprix.fr/images-v3/0c44253f-c4a3-4340-9d37-d41e42b9d14a/90a2087e-a1c2-42a3-a0f4-c81b9757adfe/300x300.jpg
Entretien & Nettoyage,a711f114-8ea9-4561-a692-5006219cc802,MPX_6728665,"Ajax Nettoyant Liquide Multi Usages 1,25 L",3.29,2.63,"['Entretien & Nettoyage', 'Produits Nettoyants et Multi Usages', 'Multi usages', 'Gel et Crème']",Ajax,True,False,false,,,1.25L,[],https://courses.monoprix.fr/images-v3/0c44253f-c4a3-4340-9d37-d41e42b9d14a/cc339b14-5e07-41bc-a51c-6ccde428df9d/300x300.jpg
Entretien & Nettoyage,4caa2714-c1f3-4b4e-a610-6929a9b2bb46,MPX_6624452,O'Cedar Aerosol Dépoussiérant Multi-Surfaces Parfum Bois de Santal 300ml,3.39,12.79,"['Entretien & Nettoyage', 'Produits Nettoyants et Multi Usages', 'Nettoyant Sol', 'Multi surface & Carrelage']",O cedar,True,False,false,,,265ml,[],https://courses.monoprix.fr/images-v3/0c44253f-c4a3-4340-9d37-d41e42b9d14a/55908a51-cb30-4600-bba5-9999ed8b82bd/300x300.jpg
Entretien & Nettoyage,3a2537fa-40aa-455c-a5e4-2b6dbc5674c0,MPX_6644734,Ariel 4in1 pods active odor defence x19 lavages,13.5,30.13,"['Entretien & Nettoyage', 'Lessive et soin du linge', 'Lessive', 'Lessive en dosettes']",Ariel,True,False,false,,,448g,[],https://courses.monoprix.fr/images-v3/0c44253f-c4a3-4340-9d37-d41e42b9d14a/47e79b0e-cf1e-4051-8405-92c1ca07248f/300x300.jpg
Entretien & Nettoyage,e562db7d-6823-45f6-8581-f6e41efa0a0d,MPX_6727203,Swiffer Duster Plumeau Attrape & Retient Recharges Dépoussiérantes 18x,11.5,11.5,"['Entretien & Nettoyage', 'Accessoire menager', 'Balais, serpillères et seaux']",Swiffer,True,False,false,,,,[],https://courses.monoprix.fr/images-v3/0c44253f-c4a3-4340-9d37-d41e42b9d14a/9bb03172-b2e4-4fe3-9ce8-cea270190df5/300x300.jpg
Entretien & Nettoyage,68a11444-ac60-4c19-8d74-11dee7aad943,MPX_3858887,Monoprix Éponges végétales x2,1.85,0.93,"['Entretien & Nettoyage', 'Accessoire menager', 'Eponge et lavette']",Monoprix,True,False,false,,,2 par pack,[],https://courses.monoprix.fr/images-v3/0c44253f-c4a3-4340-9d37-d41e42b9d14a/3669406f-2b84-4ee0-8a82-4da67eaf9f12/300x300.jpg
Entretien & Nettoyage,85a5c977-ab9c-49d4-9279-d923dde2e623,MPX_2076834,Finish Protector 30Ml,5.45,181.67,"['Entretien & Nettoyage', 'Produits Nettoyants et Multi Usages', 'Produit Vaisselle', 'Entretien lave vaisselle']",Finish,True,False,false,,,30ml,[],https://courses.monoprix.fr/images-v3/0c44253f-c4a3-4340-9d37-d41e42b9d14a/01de711e-d0b0-4608-ad83-6476c3fd0efe/300x300.jpg
Entretien & Nettoyage,774145bf-dd03-42c1-9f44-9ec7119ab1d7,MPX_2823896,"Ariel Lessive Poudre Original Doses 2,535 kg",22.5,8.88,"['Entretien & Nettoyage', 'Lessive et soin du linge', 'Lessive', 'Lessive en poudre']",Ariel,True,False,false,,,2.535kg,[],https://courses.monoprix.fr/images-v3/0c44253f-c4a3-4340-9d37-d41e42b9d14a/d2aa6e72-4586-48bb-be6d-ba66dad0650f/300x300.jpg
Entretien & Nettoyage,9292a435-ff2c-4c91-a81b-646543e8c152,MPX_3765715,Monoprix Je Suis Vert Tablettes Lave-Vaisselle Concentrées 30X12G,7.49,52.01,"['Entretien & Nettoyage', 'Entretien écologique', 'Nettoyant vaisselle écologique']",Monoprix Je Suis Vert,True,False,false,,,12 x 12g,[],https://courses.monoprix.fr/images-v3/0c44253f-c4a3-4340-9d37-d41e42b9d14a/3cb4d25e-720b-4868-af6f-b7668e3e3523/300x300.jpg
Entretien & Nettoyage,9d40bbcc-d1bd-4504-8a8c-1005479ab2e0,MPX_6609935,Mr. Propre Nettoyant Multi-Usages au Bicarbonate senteur Eucalyptus 1L,3.49,3.49,"['Entretien & Nettoyage', 'Produits Nettoyants et Multi Usages', 'Multi usages', 'Gel et Crème']",Mr propre,True,False,false,,,1L,[],https://courses.monoprix.fr/images-v3/0c44253f-c4a3-4340-9d37-d41e42b9d14a/dca3aef6-b57a-4249-a579-a063ed967075/300x300.jpg
Entretien & Nettoyage,bbf13c2c-d927-4ae0-9f72-e71afd6f88b8,MPX_6573620,"X-Tra Lessive Liquide Total 1,215L",6.99,5.75,"['Entretien & Nettoyage', 'Lessive et soin du linge', 'Lessive', 'Lessive liquide']",X-TRA,True,False,false,,,1.215L,[],https://courses.monoprix.fr/images-v3/0c44253f-c4a3-4340-9d37-d41e42b9d14a/28d58fb7-50df-4c6b-93ba-e1621cd98914/300x300.jpg
Entretien & Nettoyage,5fc54f1e-53b0-41b7-b78f-8ba89284faa8,MPX_6712444,Dash 2en1 Pods Ambre & Orchidée *19 Lavages,9.99,0.53,"['Entretien & Nettoyage', 'Lessive et soin du linge', 'Lessive', 'Lessive en dosettes']",Dash,True,False,false,,,19 par pack,[],https://courses.monoprix.fr/images-v3/0c44253f-c4a3-4340-9d37-d41e42b9d14a/da6b0f31-1504-4f05-b40a-3ffd088338b7/300x300.jpg
Entretien & Nettoyage,ea55da13-5ce0-4b11-acbc-57b1e2b82d50,MPX_198537,La Croix Wc Bloc Chasse Javel Eau Bleue 96 G,3.29,3.29,"['Entretien & Nettoyage', 'Salle de bain, WC et Déboucheur', 'Nettoyant WC']",La Croix,True,False,false,,,,[],https://courses.monoprix.fr/images-v3/0c44253f-c4a3-4340-9d37-d41e42b9d14a/d9aad62e-a421-4b09-b276-5431e20f2a65/300x300.jpg
Entretien & Nettoyage,dc576046-c73e-4d2e-8ac9-9c73eafc3465,MPX_6679111,Le Chat sensitive 0% 42 lavages 1.89l,12.9,6.83,"['Entretien & Nettoyage', 'Lessive et soin du linge', 'Lessive', 'Lessive liquide']",Le Chat,True,False,false,,,1.89L,[],https://courses.monoprix.fr/images-v3/0c44253f-c4a3-4340-9d37-d41e42b9d14a/3c539354-6ddb-4024-a808-080a5ee2026c/300x300.jpg
Entretien & Nettoyage,1b429c81-25af-4574-bbc9-a1144fcbb4f5,MPX_2824050,"Sun Poudre De Lavage Pour Lave-Vaisselle 1,235 Kg",7.95,6.44,"['Entretien & Nettoyage', 'Produits Nettoyants et Multi Usages', 'Produit Vaisselle', 'Entretien lave vaisselle']",Sun,True,False,false,1.0,YEAR,1.235kg,[],https://courses.monoprix.fr/images-v3/0c44253f-c4a3-4340-9d37-d41e42b9d14a/b53e0df5-7b3c-468d-b27b-e4320b8f5e10/300x300.jpg
Entretien & Nettoyage,d027e20c-7423-4b1b-9da2-3b6dbe9ea0b4,MPX_6113343,Persil lessive liquide bouquet de provence 40 lavages 1.8L,8.69,4.83,"['Entretien & Nettoyage', 'Lessive et soin du linge', 'Lessive', 'Lessive liquide']",Persil,True,False,false,,,1.8L,[],https://courses.monoprix.fr/images-v3/0c44253f-c4a3-4340-9d37-d41e42b9d14a/71a9c5a3-074b-4a73-86ce-81dac646e17f/300x300.jpg
Entretien & Nettoyage,b30a4a9c-fc27-4d92-8fbf-354fe2580e81,MPX_6644731,Ariel 4in1 pods touch of lenor unstoppables x19 lavages,13.5,33.01,"['Entretien & Nettoyage', 'Lessive et soin du linge', 'Lessive', 'Lessive en dosettes']",Ariel,True,False,false,,,0.409kg,[],https://courses.monoprix.fr/images-v3/0c44253f-c4a3-4340-9d37-d41e42b9d14a/fc0865ce-5cde-4a61-8df5-6963ed37feca/300x300.jpg
Entretien & Nettoyage,0816a380-1bd6-4819-bd88-db43ad61b1fd,MPX_4109521,Monoprix kit Microfibres x4,4.69,4.69,"['Entretien & Nettoyage', 'Accessoire menager', 'Eponge et lavette']",Monoprix,True,False,false,,,,[],https://courses.monoprix.fr/images-v3/0c44253f-c4a3-4340-9d37-d41e42b9d14a/e3f9809f-af76-4a4d-bc41-06f82ff5d705/300x300.jpg
Entretien & Nettoyage,ef88b12c-21c0-4ea6-a421-9ae3f73e3e9b,MPX_3392354,Albal Papier Aluminium Résistant 40M,6.59,6.59,"['Entretien & Nettoyage', 'Accessoire menager', 'Emballage alimentaire', 'Aluminium']",Albal,True,False,false,,,,[],https://courses.monoprix.fr/images-v3/0c44253f-c4a3-4340-9d37-d41e42b9d14a/268645e5-e213-47ef-9ac8-2830ce5ffb41/300x300.jpg
Entretien & Nettoyage,d8d5cf72-4921-404b-8313-71494e3a74b0,MPX_2865061,"Monoprix Maison Bougies Chauffe Plat Non Parfumées X50, Blanc",3.99,0.08,"['Entretien & Nettoyage', 'Désodorisant et Insecticide', 'Désodorisant', 'Bougie']",Monoprix,True,False,false,,,50 par pack,[],https://courses.monoprix.fr/images-v3/0c44253f-c4a3-4340-9d37-d41e42b9d14a/ce2622c5-b506-4709-8e6c-78148ef9fe92/300x300.jpg
Entretien & Nettoyage,db29efe9-02db-45b8-b869-c1624d58be02,MPX_6659451,Ariel alpine lessive liquide 34 lavages 1.53l,13.5,8.82,"['Entretien & Nettoyage', 'Lessive et soin du linge', 'Lessive', 'Lessive liquide']",Ariel,True,False,false,,,1.53L,[],https://courses.monoprix.fr/images-v3/0c44253f-c4a3-4340-9d37-d41e42b9d14a/c02d1315-3b8f-4e5c-8b00-460993361a8e/300x300.jpg
Entretien & Nettoyage,ab7c4fcc-bafb-4ffc-9456-97ae9e777b43,MPX_3624290,Monoprix Adoucissant concentré Peaux Sensibles 750ml,3.29,4.39,"['Entretien & Nettoyage', 'Lessive et soin du linge', 'Adoucissant', 'Concentré']",Monoprix,True,False,false,,,750ml,[],https://courses.monoprix.fr/images-v3/0c44253f-c4a3-4340-9d37-d41e42b9d14a/e12af9fb-9146-4db6-b77a-1815dbf5e56a/300x300.jpg
Entretien & Nettoyage,d660c36f-48b6-489d-826b-d82d584d30f3,MPX_2469838,Rainett Assouplissant Ecologique Concentré Aloe Vera 750 Ml 31 Lavages,4.25,5.67,"['Bio', 'Entretien écologique', 'Lessive et Soin du linge écologique']",Rainett,True,False,false,,,750ml,[],https://courses.monoprix.fr/images-v3/0c44253f-c4a3-4340-9d37-d41e42b9d14a/497efd45-5c3c-4747-8414-78d80d995749/300x300.jpg
Entretien & Nettoyage,16cf7d3c-0c29-464a-8951-ee30949510a7,MPX_6647487,Ariel Lessive Liquide Ultra 22 Lavages 990 ml,10.9,11.01,"['Entretien & Nettoyage', 'Lessive et soin du linge', 'Lessive', 'Lessive liquide']",Ariel,True,False,false,,,990ml,[],https://courses.monoprix.fr/images-v3/0c44253f-c4a3-4340-9d37-d41e42b9d14a/08bc410a-9b83-4f7c-b78a-65e0b5397ab4/300x300.jpg
Entretien & Nettoyage,87ce5bf2-d2cb-4459-8606-573b57048dc2,MPX_5261508,Handy Bag Sacs Poubelle À Lien Pratique Ultra Résistant 30L X20,3.69,0.18,"['Entretien & Nettoyage', 'Accessoire menager', 'Sac poubelle', '30L']",Handy Bag,True,False,false,,,20 par pack,[],https://courses.monoprix.fr/images-v3/0c44253f-c4a3-4340-9d37-d41e42b9d14a/71c974ea-4064-4b7b-b8df-0b7a8570be27/300x300.jpg
Entretien & Nettoyage,e9495660-1d90-4df6-9c0c-9eb9f521f41f,MPX_6738052,Le Chat l'Expert Discs Lessive Liquide *25 Lavages,11.9,0.48,"['Entretien & Nettoyage', 'Lessive et soin du linge', 'Lessive', 'Lessive en dosettes']",Le Chat,True,False,false,,,25 par pack,[],https://courses.monoprix.fr/images-v3/0c44253f-c4a3-4340-9d37-d41e42b9d14a/74b9f37e-458f-47eb-94b0-5bc984fded1e/300x300.jpg
Entretien & Nettoyage,297eced3-25d1-4af3-9523-657fa6b66ebd,MPX_2482902,Briochin Bicarbonate de soude Ecocert 500g,5.95,11.9,"['Entretien & Nettoyage', 'Produits Nettoyants et Multi Usages', 'Produits nettoyants', 'Bicarbonate de soude et cristaux']",Briochin,True,False,false,,,500g,[],https://courses.monoprix.fr/images-v3/0c44253f-c4a3-4340-9d37-d41e42b9d14a/967729f7-027b-48df-a52f-970753b52e99/300x300.jpg
Entretien & Nettoyage,e714615e-db3b-4708-94ae-fbae58d29119,MPX_3178943,Rainett Liquide Vaisselle Main Ecologique Crème Citron 750 Ml,2.69,3.59,"['Entretien & Nettoyage', 'Produits Nettoyants et Multi Usages', 'Produit Vaisselle', 'Liquide vaisselle']",Rainett,True,False,false,,,750ml,[],https://courses.monoprix.fr/images-v3/0c44253f-c4a3-4340-9d37-d41e42b9d14a/340d11b4-8072-4104-9ca9-714a96968363/300x300.jpg
Entretien & Nettoyage,023fc05b-7289-4d81-93d1-528937228f37,MPX_3379993,"Monoprix Je Suis Vert Adoucissant Concentré Peaux Sensibles 0,75L",3.75,5.0,"['Bio', 'Entretien écologique', 'Lessive et Soin du linge écologique']",Monoprix Je Suis Vert,True,False,false,,,75cl,[],https://courses.monoprix.fr/images-v3/0c44253f-c4a3-4340-9d37-d41e42b9d14a/defd559f-0bd2-4a6b-b9a5-46654b5dd583/300x300.jpg
Entretien & Nettoyage,af0797fc-54ad-4ed8-a36e-65f962cc1e83,MPX_6585772,Finish ultimate plus x25,11.5,37.7,"['Entretien & Nettoyage', 'Produits Nettoyants et Multi Usages', 'Produit Vaisselle', 'Tablette et dose lave vaisselle']",Finish,True,False,false,,,0.305kg,[],https://courses.monoprix.fr/images-v3/0c44253f-c4a3-4340-9d37-d41e42b9d14a/5a23a6cd-589f-4cc9-b941-509d9455bafe/300x300.jpg
Entretien & Nettoyage,022e9302-3dd9-43e2-8efb-9cf2f2389bda,MPX_658801,Monoprix Essuie-Tout Triple Epaisseur x4,2.39,0.6,"['Entretien & Nettoyage', 'Essuie tout et Papier toilette', 'Essuie tout']",Monoprix,True,False,false,,,4 par pack,[],https://courses.monoprix.fr/images-v3/0c44253f-c4a3-4340-9d37-d41e42b9d14a/70d63acd-35b7-42e3-9209-9f7b1d3862e6/300x300.jpg
Entretien & Nettoyage,63e04484-0bfc-44d2-96a7-cc40afd79377,MPX_3367317,Monoprix Papier toilette double épaisseur x12,2.89,0.24,"['Entretien & Nettoyage', 'Essuie tout et Papier toilette', 'Papier toilette', 'Par 12']",Monoprix,True,False,false,,,12 par pack,[],https://courses.monoprix.fr/images-v3/0c44253f-c4a3-4340-9d37-d41e42b9d14a/f9337a53-4f57-4019-bb63-53ee3c5de5c9/300x300.jpg
Entretien & Nettoyage,8d708caf-3559-49e6-b38d-ca2d49be198e,MPX_160489,Monoprix Papier Toilette Triple Épaisseur X6,3.39,0.57,"['Entretien & Nettoyage', 'Essuie tout et Papier toilette', 'Papier toilette', 'Par 6']",Monoprix,True,False,false,,,6 par pack,[],https://courses.monoprix.fr/images-v3/0c44253f-c4a3-4340-9d37-d41e42b9d14a/1cc2233f-19d4-4747-a035-4cc30a161d7d/300x300.jpg
Entretien & Nettoyage,4e648e58-b096-4706-8896-8ba0e9e674d6,MPX_2480637,Lotus Papier Toilette Confort x12 (blanc ou rose),5.29,0.44,"['Entretien & Nettoyage', 'Essuie tout et Papier toilette', 'Papier toilette', 'Par 12']",Lotus,True,False,false,,,12 par pack,[],https://courses.monoprix.fr/images-v3/0c44253f-c4a3-4340-9d37-d41e42b9d14a/b315f799-7fd7-4ed6-aac0-5781efeedf51/300x300.jpg
Entretien & Nettoyage,6cd18ba9-c429-4462-ac89-c7b30dc01094,MPX_160492,Monoprix Papier toilette double épaisseur x6,1.45,0.24,"['Entretien & Nettoyage', 'Essuie tout et Papier toilette', 'Papier toilette', 'Par 6']",Monoprix,True,False,false,,,6 par pack,[],https://courses.monoprix.fr/images-v3/0c44253f-c4a3-4340-9d37-d41e42b9d14a/e47fc1a9-d6af-48cf-80f4-d70a3cc08a7d/300x300.jpg
Entretien & Nettoyage,55ec39fe-5717-4a6b-a1c8-29b05f332d1f,MPX_887698,Monoprix Sacs poubelle à poignées 70% recyclés 50L,2.65,2.65,"['Entretien & Nettoyage', 'Accessoire menager', 'Sac poubelle', '50L']",MONOPRIX,True,False,false,,,,[],https://courses.monoprix.fr/images-v3/0c44253f-c4a3-4340-9d37-d41e42b9d14a/5e0f0eed-b4f5-4782-b399-150dea0dd22e/300x300.jpg
Entretien & Nettoyage,1281d359-5f32-4da9-9a60-5bd1eb53a590,MPX_2481495,Lotus Papier Toilette Just.1 x6,6.59,1.1,"['Entretien & Nettoyage', 'Essuie tout et Papier toilette', 'Papier toilette', 'Par 6']",Lotus,True,False,false,,,6 par pack,[],https://courses.monoprix.fr/images-v3/0c44253f-c4a3-4340-9d37-d41e42b9d14a/1a32cc37-5a24-4c56-a5b2-02c6f17f6669/300x300.jpg
Entretien & Nettoyage,649834a8-86b4-47e5-8ee5-5b1a82d8237a,MPX_1172070,Monoprix Je Suis Vert Papier Toilette Compact X4,3.25,0.81,"['Bio', 'Entretien écologique', 'Essuie tout et Papier toilette écologique']",Monoprix Je Suis Vert,True,False,false,,,4 par pack,[],https://courses.monoprix.fr/images-v3/0c44253f-c4a3-4340-9d37-d41e42b9d14a/e1729344-4951-4dea-82ae-960b4039dbea/300x300.jpg
Entretien & Nettoyage,dd82f9cf-2eb8-4f18-8054-cebcd851acfe,MPX_2259403,Monoprix Essuie-Tout Maxi Compact x1,5.49,5.49,"['Entretien & Nettoyage', 'Essuie tout et Papier toilette', 'Essuie tout']",Monoprix,True,False,false,,,,[],https://courses.monoprix.fr/images-v3/0c44253f-c4a3-4340-9d37-d41e42b9d14a/806da811-8797-4366-a04d-963946772e8d/300x300.jpg
Entretien & Nettoyage,8db9250d-e587-4786-b585-ff90a30bbcae,MPX_6639248,Sun Sel Régénérant 1kg,1.79,1.79,"['Entretien & Nettoyage', 'Produits Nettoyants et Multi Usages', 'Produit Vaisselle', 'Entretien lave vaisselle']",Sun,True,False,false,,,1kg,[],https://courses.monoprix.fr/images-v3/0c44253f-c4a3-4340-9d37-d41e42b9d14a/4e70eaf9-2712-4b37-b826-7e8e4aabe1f3/300x300.jpg
Entretien & Nettoyage,320c08ed-dafd-48c4-b860-f7804ca0587e,MPX_178865,Monoprix Gel WC avec Javel 750ml,1.45,1.93,"['Entretien & Nettoyage', 'Salle de bain, WC et Déboucheur', 'Nettoyant WC']",Monoprix,True,False,false,2.0,MONTH,750ml,[],https://courses.monoprix.fr/images-v3/0c44253f-c4a3-4340-9d37-d41e42b9d14a/c6233cc1-5bac-489d-b398-f4a0286f2555/300x300.jpg
Entretien & Nettoyage,835bd556-65f1-4a0b-81b5-c236e6cef9c1,MPX_4727069,Handy Bag Sacs Poubelle à Poignées Coulissantes Ultra Résistant 50L *10,3.99,0.4,"['Entretien & Nettoyage', 'Accessoire menager', 'Sac poubelle', '50L']",Handy bag,True,False,false,,,10 par pack,[],https://courses.monoprix.fr/images-v3/0c44253f-c4a3-4340-9d37-d41e42b9d14a/6396519a-608c-4a7c-9d5a-ea52298a0377/300x300.jpg
Entretien & Nettoyage,642c4bb1-de3d-4e8c-8d2f-88bd004b7555,MPX_1387077,Monoprix Eponges Végétales Grattantes x3,1.49,0.5,"['Entretien & Nettoyage', 'Accessoire menager', 'Eponge et lavette']",Monoprix,True,False,false,,,3 par pack,[],https://courses.monoprix.fr/images-v3/0c44253f-c4a3-4340-9d37-d41e42b9d14a/f87fa34d-d413-48b9-a57a-2b2f5d138734/300x300.jpg
Entretien & Nettoyage,76506cfa-f457-4a57-84cb-a807fbd7cb94,MPX_645549,Spontex Gratte-Éponge Stop Graisse *2,1.99,1.0,"['Entretien & Nettoyage', 'Accessoire menager', 'Eponge et lavette']",SPONTEX,True,False,false,,,2 par pack,[],https://courses.monoprix.fr/images-v3/0c44253f-c4a3-4340-9d37-d41e42b9d14a/1cc491eb-d74e-4f0f-823a-69bb9128605f/300x300.jpg
Entretien & Nettoyage,090fea56-0637-470c-a91d-0d6a7faceeb3,MPX_2379813,Okay Essuie-Tout Rouleaux Adapt x3,4.25,1.42,"['Entretien & Nettoyage', 'Essuie tout et Papier toilette', 'Essuie tout']",Okay,True,False,false,,,3 par pack,[],https://courses.monoprix.fr/images-v3/0c44253f-c4a3-4340-9d37-d41e42b9d14a/47cdb5ec-501d-4d0d-aa7b-374751cc3451/300x300.jpg
Entretien & Nettoyage,607dca1c-56e4-4925-bd8c-2e4d53bd8f77,MPX_3718290,Monoprix Liquide Vaisselle Concentré Super Dégraissant Citron 750Ml,1.25,1.67,"['Entretien & Nettoyage', 'Produits Nettoyants et Multi Usages', 'Produit Vaisselle', 'Liquide vaisselle']",Monoprix,True,False,false,,,750ml,[],https://courses.monoprix.fr/images-v3/0c44253f-c4a3-4340-9d37-d41e42b9d14a/fa0b7852-fab4-4183-b1b5-3ee6e7accdf0/300x300.jpg
Entretien & Nettoyage,cfafebd3-79fa-4418-84d5-c555c8fc317a,MPX_1346972,Monoprix Papier cuisson 8m,1.69,1.69,"['Entretien & Nettoyage', 'Accessoire menager', 'Emballage alimentaire', 'Papier cuisson']",MONOPRIX,True,False,false,,,,[],https://courses.monoprix.fr/images-v3/0c44253f-c4a3-4340-9d37-d41e42b9d14a/ecc04746-077d-443e-ac67-146c76ee452f/300x300.jpg
Entretien & Nettoyage,d82fdd8c-865c-4c12-922f-617f5a5fc155,MPX_887696,Monoprix Sacs poubelle à poignées 70% recyclés 30L,2.55,2.55,"['Entretien & Nettoyage', 'Accessoire menager', 'Sac poubelle', '30L']",MONOPRIX,True,False,false,,,,[],https://courses.monoprix.fr/images-v3/0c44253f-c4a3-4340-9d37-d41e42b9d14a/344786c1-7364-4046-8422-64da0f87bbd4/300x300.jpg
Entretien & Nettoyage,a0df24f8-8ab6-49e4-bf4e-abf98b7ea7fc,MPX_1172151,Monoprix Je Suis Vert Essuie-Tout Compact X2,2.65,1.33,"['Bio', 'Entretien écologique', 'Essuie tout et Papier toilette écologique']",Monoprix Je Suis Vert,True,False,false,,,2 par pack,[],https://courses.monoprix.fr/images-v3/0c44253f-c4a3-4340-9d37-d41e42b9d14a/46f045d0-ae84-42eb-9e46-bd928aa63a7e/300x300.jpg
Entretien & Nettoyage,9c26252a-62e2-4b3b-917c-eddc03899770,MPX_5261514,Handy Bag Sacs Poubelle à Poignées Coulissantes Ultra Résistant 30L *15,3.99,0.27,"['Entretien & Nettoyage', 'Accessoire menager', 'Sac poubelle', '30L']",Handy bag,True,False,false,,,15 par pack,[],https://courses.monoprix.fr/images-v3/0c44253f-c4a3-4340-9d37-d41e42b9d14a/e7641117-b1af-46c0-9a3a-219be01d2cca/300x300.jpg
Entretien & Nettoyage,dc0580d4-cf34-4b0e-b5a0-ce5c4b9aaa10,MPX_1946695,Okay Essuie-Tout Décoré x3,3.7,1.23,"['Entretien & Nettoyage', 'Essuie tout et Papier toilette', 'Essuie tout']",Okay,True,False,false,,,3 par pack,[],https://courses.monoprix.fr/images-v3/0c44253f-c4a3-4340-9d37-d41e42b9d14a/4fb98e96-adcc-4c59-8728-8d066940ec43/300x300.jpg
Entretien & Nettoyage,e8519154-f335-4784-87cb-3922efaa6dae,MPX_3378880,Monoprix Sacs Poubelle Liens Classiques 50L,1.95,1.95,"['Entretien & Nettoyage', 'Accessoire menager', 'Sac poubelle', '50L']",MONOPRIX,True,False,false,,,,[],https://courses.monoprix.fr/images-v3/0c44253f-c4a3-4340-9d37-d41e42b9d14a/ba84ad0a-3c6e-4337-9b9f-9bad6dfeb7e5/300x300.jpg
Entretien & Nettoyage,c20a574a-bedb-462c-b27b-59f3233945b1,MPX_6647488,"Ariel Lessive Liquide 1,08L",10.9,10.09,"['Entretien & Nettoyage', 'Lessive et soin du linge', 'Lessive', 'Lessive liquide']",Ariel,True,False,false,,,1.08kg,[],https://courses.monoprix.fr/images-v3/0c44253f-c4a3-4340-9d37-d41e42b9d14a/79ce4af1-d803-4b7d-915b-d369b2356cc6/300x300.jpg
Entretien & Nettoyage,36eee291-4cd1-4918-b801-c17c0d67a4ba,MPX_1946694,Okay Essuie-Tout Blanc Extra Long x2,3.35,1.68,"['Entretien & Nettoyage', 'Essuie tout et Papier toilette', 'Essuie tout']",Okay,True,False,false,,,2 par pack,[],https://courses.monoprix.fr/images-v3/0c44253f-c4a3-4340-9d37-d41e42b9d14a/72567103-2625-49a9-b77d-eb51c095b43a/300x300.jpg
Entretien & Nettoyage,2dad6019-7fbc-4c3a-bc46-6eb01b2ccad0,MPX_5043838,St Marc Lingettes Compostables Antibacteriennes X30,2.25,0.07,"['Entretien & Nettoyage', 'Produits Nettoyants et Multi Usages', 'Multi usages', 'Lingette']",SAINT MARC,True,False,false,6.0,MONTH,30 par pack,[],https://courses.monoprix.fr/images-v3/0c44253f-c4a3-4340-9d37-d41e42b9d14a/ff5adda7-f0c3-451b-8993-4a961f440736/300x300.jpg
Entretien & Nettoyage,a8b94923-df52-408b-b4d1-1422d6eee902,MPX_6619885,L'Arbre Vert Liquide Vaisselle Amande 500 ml,2.19,4.38,"['Entretien & Nettoyage', 'Produits Nettoyants et Multi Usages', 'Produit Vaisselle', 'Liquide vaisselle']",L'arbre vert,True,False,false,,,500ml,[],https://courses.monoprix.fr/images-v3/0c44253f-c4a3-4340-9d37-d41e42b9d14a/1e6d180f-30f9-4b0a-8a6d-935a12a9f00b/300x300.jpg
Entretien & Nettoyage,e9e567ad-5643-4c34-9d92-ebe0977f6cb9,MPX_6708724,Cif Cleanboost Spray Nettoyant Cuisine & Salle de Bain 750ml,3.19,4.25,"['Entretien & Nettoyage', 'Produits Nettoyants et Multi Usages', 'Multi usages', 'Spray et Recharge']",Cif,True,False,false,,,750ml,[],https://courses.monoprix.fr/images-v3/0c44253f-c4a3-4340-9d37-d41e42b9d14a/ef18ce0f-9e74-4a3a-9fdc-44b1ff7290b5/300x300.jpg
Entretien & Nettoyage,3c9d315d-fa2b-49dc-9432-f515172d7123,MPX_6614091,L'Arbre Vert Liquide Vaisselle Peaux Sensible Et Biberons Aussi 750 ml,2.49,3.32,"['Entretien & Nettoyage', 'Produits Nettoyants et Multi Usages', 'Produit Vaisselle', 'Liquide vaisselle']",L'arbre vert,True,False,false,,,750ml,[],https://courses.monoprix.fr/images-v3/0c44253f-c4a3-4340-9d37-d41e42b9d14a/e30e7962-f0ea-4bf4-831d-9e43c376ca45/300x300.jpg
Entretien & Nettoyage,5f77c2f1-21fb-4725-baf0-7ac0994cd528,MPX_3069879,Lotus Papier Toilette Ultra Doux x6,5.49,0.92,"['Entretien & Nettoyage', 'Essuie tout et Papier toilette', 'Papier toilette', 'Par 6']",Lotus,True,False,false,,,6 par pack,[],https://courses.monoprix.fr/images-v3/0c44253f-c4a3-4340-9d37-d41e42b9d14a/fec5b1ed-1f24-4aba-838b-f9409858daab/300x300.jpg
Entretien & Nettoyage,3cd6e4b4-ceb9-4b8d-94b1-e798fa22ef06,MPX_5313073,Handy Bag 35 Sacs Mini Poubelle Salle de Bains 5L *35,2.65,0.08,"['Entretien & Nettoyage', 'Accessoire menager', 'Sac poubelle', '3L à 20L']",Handy bag,True,False,false,,,35 par pack,[],https://courses.monoprix.fr/images-v3/0c44253f-c4a3-4340-9d37-d41e42b9d14a/d1224d1d-a5e7-4d9e-9f79-9f1ec8f7d36b/300x300.jpg
Entretien & Nettoyage,a47c2e48-926a-47a5-b277-5174b0b9070d,MPX_1757482,La Croix Lingettes Nettoyantes Désinfectantes Javel Ultra Hygiène x50,2.29,0.05,"['Entretien & Nettoyage', 'Produits Nettoyants et Multi Usages', 'Multi usages', 'Lingette']",LA CROIX,True,False,false,,,50 par pack,[],https://courses.monoprix.fr/images-v3/0c44253f-c4a3-4340-9d37-d41e42b9d14a/c78d1838-8d80-4b10-853c-9b13da4a8f50/300x300.jpg
Entretien & Nettoyage,ff242e39-45f3-44ff-93fc-919af0d94911,MPX_6718858,Sun Liquide de Rinçage Brillance 500ml,3.59,7.18,"['Entretien & Nettoyage', 'Produits Nettoyants et Multi Usages', 'Produit Vaisselle', 'Tablette et dose lave vaisselle']",Sun,True,False,false,,,500ml,[],https://courses.monoprix.fr/images-v3/0c44253f-c4a3-4340-9d37-d41e42b9d14a/0398c431-b2c5-48dc-9901-2fe307475791/300x300.jpg
Entretien & Nettoyage,c96f0797-75e1-45fe-8bf7-8b872a1fcb5d,MPX_6644730,Ariel 3in1 pods original x19 lavages,10.9,28.02,"['Entretien & Nettoyage', 'Lessive et soin du linge', 'Lessive', 'Lessive en dosettes']",Ariel,True,False,false,,,0.389kg,[],https://courses.monoprix.fr/images-v3/0c44253f-c4a3-4340-9d37-d41e42b9d14a/115b8644-e61b-454e-a705-3a55c750234b/300x300.jpg
Entretien & Nettoyage,f0ce8a6f-ec49-473c-8954-0da5d8f4b79e,MPX_89051,Spontex Gratte-Eponge Particules Minérales *3,2.99,1.0,"['Entretien & Nettoyage', 'Accessoire menager', 'Eponge et lavette']",Spontex,True,False,false,,,3 par pack,[],https://courses.monoprix.fr/images-v3/0c44253f-c4a3-4340-9d37-d41e42b9d14a/ba30770f-a0a4-408b-95b3-4dcb9ec09ec1/300x300.jpg
Entretien & Nettoyage,50c1004d-981e-435d-adb7-67bde4df44b4,MPX_3367323,Monoprix Papier Aluminium 20 Mètres,2.55,2.55,"['Entretien & Nettoyage', 'Accessoire menager', 'Emballage alimentaire', 'Aluminium']",MONOPRIX,True,False,false,,,,[],https://courses.monoprix.fr/images-v3/0c44253f-c4a3-4340-9d37-d41e42b9d14a/c0d12d4c-6b7e-47d5-aa0c-6875a070548e/300x300.jpg
Entretien & Nettoyage,3ed1293c-b12a-42b0-a0a5-7bf98b587c09,MPX_2700185,Monoprix Papier toilette double épaisseur ultra-compact x4,3.49,0.87,"['Entretien & Nettoyage', 'Essuie tout et Papier toilette', 'Papier toilette', 'Par 4']",Monoprix,True,False,false,,,4 par pack,[],https://courses.monoprix.fr/images-v3/0c44253f-c4a3-4340-9d37-d41e42b9d14a/9ca0c9bd-e7d7-4425-bf8b-e3b6971700e8/300x300.jpg
Entretien & Nettoyage,00b45c73-17c3-4541-a8f2-6ad0f4fdb713,MPX_3959667,Monoprix Vinaigre D'Alcool Blanc 1L,1.95,1.95,"['Entretien & Nettoyage', 'Produits Nettoyants et Multi Usages', 'Produits nettoyants', 'Vinaigre']",Monoprix Vert,True,False,false,,,1L,[],https://courses.monoprix.fr/images-v3/0c44253f-c4a3-4340-9d37-d41e42b9d14a/c9f73e68-d995-42ec-903c-23c1d592e5e0/300x300.jpg
Entretien & Nettoyage,d28ef315-6674-4f9a-9c66-4bedf47bbae7,MPX_6328251,Canard Wc gel action intense désinfectant parfum marine 750ml,2.65,3.32,"['Entretien & Nettoyage', 'Salle de bain, WC et Déboucheur', 'Nettoyant WC']",Canard Wc,True,False,false,6.0,MONTH,798ml,[],https://courses.monoprix.fr/images-v3/0c44253f-c4a3-4340-9d37-d41e42b9d14a/139a0da7-440c-4d5a-a9f3-32cf34e7c022/300x300.jpg
Entretien & Nettoyage,a484fa74-be2c-4141-83bb-bee9f0f8c315,MPX_4165507,"Monoprix Lessive Fraîcheur 1,25L",3.49,2.79,"['Entretien & Nettoyage', 'Lessive et soin du linge', 'Lessive', 'Lessive liquide']",Monoprix,True,False,false,,,1.25L,[],https://courses.monoprix.fr/images-v3/0c44253f-c4a3-4340-9d37-d41e42b9d14a/4d83a911-5b1b-4871-b1b8-79f5c1e05f1b/300x300.jpg
Entretien & Nettoyage,65d3d5b8-3302-4436-8f4e-d421ea431897,MPX_3873499,Cif Spray Nettoyant Antibactérien & Brillance Multi-Usages 750Ml,2.99,3.99,"['Entretien & Nettoyage', 'Produits Nettoyants et Multi Usages', 'Multi usages', 'Spray et Recharge']",Cif,True,False,false,2.0,MONTH,750ml,[],https://courses.monoprix.fr/images-v3/0c44253f-c4a3-4340-9d37-d41e42b9d14a/04b3e6c2-b202-4e84-9ea3-fffdf6769574/300x300.jpg
Entretien & Nettoyage,8d7124f2-38f4-41c9-bafa-022e9a5779c4,MPX_3254353,Lotus Papier Toilette Moltonel Sans Tube x6,8.69,1.45,"['Entretien & Nettoyage', 'Essuie tout et Papier toilette', 'Papier toilette', 'Par 6']",Lotus,True,False,false,,,6 par pack,[],https://courses.monoprix.fr/images-v3/0c44253f-c4a3-4340-9d37-d41e42b9d14a/d6c9f5dc-4bcd-4b28-ac9b-606d63de2bad/300x300.jpg
Entretien & Nettoyage,68840d48-3282-4e95-b57d-be1058dacd55,MPX_159883,"Harpic Blocs colorants cuvette WC, eau bleue, fraîcheur marine 2 unite",1.85,24.34,"['Entretien & Nettoyage', 'Salle de bain, WC et Déboucheur', 'Bloc Fraîcheur']",Harpic,True,False,false,,,0.076L,[],https://courses.monoprix.fr/images-v3/0c44253f-c4a3-4340-9d37-d41e42b9d14a/c6371e58-05f6-4ec2-a96d-26765bb930bf/300x300.jpg
Entretien & Nettoyage,566aaabd-4cc5-407c-8d71-a0fe7ad6b99d,MPX_340313,Monoprix sacs congélation fermeture à zip x20,1.99,1.99,"['Entretien & Nettoyage', 'Accessoire menager', 'Emballage alimentaire', 'Sac de congélation et Sac à glaçon']",MONOPRIX,True,False,false,,,,[],https://courses.monoprix.fr/images-v3/0c44253f-c4a3-4340-9d37-d41e42b9d14a/a87a73c4-a5dd-4fe4-ac9e-aa43ea1d9077/300x300.jpg
Entretien & Nettoyage,ac07d719-d438-4b16-89b7-9c272402eaad,MPX_6609921,Antikal Original Spray Anti-Calcaire 500ml,3.69,7.38,"['Entretien & Nettoyage', 'Produits Nettoyants et Multi Usages', 'Produits nettoyants', 'Anti-calcaire']",Antikal,True,False,false,,,500ml,[],https://courses.monoprix.fr/images-v3/0c44253f-c4a3-4340-9d37-d41e42b9d14a/f8735293-56ed-43d3-ba79-15caf22825ee/300x300.jpg
Entretien & Nettoyage,6217b95a-e7f3-4bed-83df-d225356ddf2f,MPX_6612349,Destop Déboucheur Gel Express 950ml,4.79,5.04,"['Entretien & Nettoyage', 'Salle de bain, WC et Déboucheur', 'Déboucheur']",Destop,True,False,false,,,950ml,[],https://courses.monoprix.fr/images-v3/0c44253f-c4a3-4340-9d37-d41e42b9d14a/a324c040-7274-4271-b373-60a4367b4158/300x300.jpg
Entretien & Nettoyage,eb3ae0b5-4279-4c41-8e75-46ff85634d15,MPX_3623310,Monoprix Je Suis Vert Sacs Poubelle Biodégradables 100% Compostables 10L X20,2.75,2.75,"['Entretien & Nettoyage', 'Accessoire menager', 'Sac poubelle', '3L à 20L']",MONOP PROD. VERTS,True,False,false,,,,[],https://courses.monoprix.fr/images-v3/0c44253f-c4a3-4340-9d37-d41e42b9d14a/77c07783-34d3-4c47-bde3-2a3a751ccaff/300x300.jpg
Entretien & Nettoyage,1a02e3b7-1ffb-44dc-a756-e97f9d0b0fd7,MPX_6630034,L'Arbre Vert recharge liquide vaisselle peaux sensibles ecolabel - hypoallergénique - 97% d'ingrédients d'origine naturelle - 1l,3.09,3.09,"['Entretien & Nettoyage', 'Produits Nettoyants et Multi Usages', 'Produit Vaisselle', 'Liquide vaisselle']",L'ARBRE VERT,True,False,false,,,1L,[],https://courses.monoprix.fr/images-v3/0c44253f-c4a3-4340-9d37-d41e42b9d14a/bf77e6a4-9598-472a-9582-866a18d54dce/300x300.jpg
Entretien & Nettoyage,8597ec7e-91e0-4e79-9ddd-081b54624a00,MPX_12141,Onyx Bricolage Eau Déminéralisée 5L,4.5,0.9,"['Entretien & Nettoyage', 'Lessive et soin du linge', 'Eau déminéralisée']",ONYX BRICOLAGE,True,False,false,,,5L,[],https://courses.monoprix.fr/images-v3/0c44253f-c4a3-4340-9d37-d41e42b9d14a/fe40514a-9932-40d3-9599-684ca95cbaff/300x300.jpg
Entretien & Nettoyage,d8ecf9c1-fbe6-4d00-aec9-34f28243009d,MPX_6580457,"L'Arbre Vert Recharge Lessive Liquide Peaux Sensibles 1,53 L",7.69,5.03,"['Entretien & Nettoyage', 'Lessive et soin du linge', 'Lessive', 'Lessive liquide']",L'arbre vert,True,False,false,,,1.53L,[],https://courses.monoprix.fr/images-v3/0c44253f-c4a3-4340-9d37-d41e42b9d14a/35a59c11-76d6-4642-b20d-6b9678b98fb1/300x300.jpg
Entretien & Nettoyage,c5dee4eb-9da5-49c0-8563-cc2046f181b7,MPX_164819,Monoprix Je suis Vert Essuie-Tout x3,2.99,1.0,"['Bio', 'Entretien écologique', 'Essuie tout et Papier toilette écologique']",Monoprix Je Suis Vert,True,False,false,,,3 par pack,[],https://courses.monoprix.fr/images-v3/0c44253f-c4a3-4340-9d37-d41e42b9d14a/cea45ca6-1009-4224-8def-8513b528d183/300x300.jpg
Entretien & Nettoyage,ba220edb-7ad2-437e-84a2-f1aee6ff99ef,MPX_2335510,Monoprix Papier Toilette Aloe Vera Double Épaisseur X6,3.35,0.56,"['Entretien & Nettoyage', 'Essuie tout et Papier toilette', 'Papier toilette', 'Par 6']",Monoprix,True,False,false,,,6 par pack,[],https://courses.monoprix.fr/images-v3/0c44253f-c4a3-4340-9d37-d41e42b9d14a/22353ec3-57d0-4fc6-9806-69b2b5c7e7f5/300x300.jpg
Entretien & Nettoyage,d1036883-6cb3-47ed-965d-a4331433e73e,MPX_3124282,Briochin Recharge Liquide Vaisselle Mains au Savon Noir 500ml,4.35,8.7,"['Entretien & Nettoyage', 'Produits Nettoyants et Multi Usages', 'Produit Vaisselle', 'Liquide vaisselle']",Briochin,True,False,false,,,500ml,[],https://courses.monoprix.fr/images-v3/0c44253f-c4a3-4340-9d37-d41e42b9d14a/aa1c2ad5-380d-4fdf-8a08-26e97e6000a5/300x300.jpg
Entretien & Nettoyage,e25eba06-4bdc-4e1f-a6dc-dfff6d7072ee,MPX_3378881,Monoprix Sacs Poubelle Recyclés Liens Classiques 100L,2.19,2.19,"['Entretien & Nettoyage', 'Accessoire menager', 'Sac poubelle', '100L et plus']",MONOPRIX,True,False,false,,,,[],https://courses.monoprix.fr/images-v3/0c44253f-c4a3-4340-9d37-d41e42b9d14a/fa86254e-a22d-4c5a-a680-dff36d1f334c/300x300.jpg
Entretien & Nettoyage,d11bef77-0178-42fc-baef-63d5089a8d48,MPX_4077329,Okay Essuie-Tout Sans Tube Blanc x2,6.49,3.25,"['Entretien & Nettoyage', 'Essuie tout et Papier toilette', 'Essuie tout']",Okay,True,False,false,,,2 par pack,[],https://courses.monoprix.fr/images-v3/0c44253f-c4a3-4340-9d37-d41e42b9d14a/f8e8d760-7033-4f42-8ce8-83ebd6334e38/300x300.jpg
Entretien & Nettoyage,4166f8e9-5b72-4ca6-aa8b-b348b9a0b1e4,MPX_4165508,"Monoprix Lessive savon de Marseille 1,25L",3.49,2.79,"['Entretien & Nettoyage', 'Lessive et soin du linge', 'Lessive', 'Lessive liquide']",Monoprix,True,False,false,,,1.25L,[],https://courses.monoprix.fr/images-v3/0c44253f-c4a3-4340-9d37-d41e42b9d14a/90a807ea-4c5d-40bc-8ef1-8cb921fb0b36/300x300.jpg
Entretien & Nettoyage,1b514a2c-fb02-4185-9d42-87c0951a11c3,MPX_3576252,Monoprix Liquide Vaisselle Peaux Sensibles 500Ml,1.59,3.18,"['Entretien & Nettoyage', 'Produits Nettoyants et Multi Usages', 'Produit Vaisselle', 'Liquide vaisselle']",Monoprix,True,False,false,,,500ml,[],https://courses.monoprix.fr/images-v3/0c44253f-c4a3-4340-9d37-d41e42b9d14a/f9b5b7ba-ce35-4c75-9322-f6be16379023/300x300.jpg
Entretien & Nettoyage,f1970eb0-6456-49d7-b6e9-97f38cb3f5c2,MPX_5186436,Harpic Gel Power Plus Max 10 Original 750 Ml,3.29,4.39,"['Entretien & Nettoyage', 'Salle de bain, WC et Déboucheur', 'Nettoyant WC']",Harpic,True,False,false,6.0,MONTH,750ml,[],https://courses.monoprix.fr/images-v3/0c44253f-c4a3-4340-9d37-d41e42b9d14a/cbbc4a31-a2ab-4693-80a3-152f73f2eb1f/300x300.jpg
Entretien & Nettoyage,61c97722-84a3-4741-a13d-7ac7681e3b18,MPX_5467916,Paic Liquide Vaisselle Super Dégraissant Citron 750ml,2.59,3.45,"['Entretien & Nettoyage', 'Produits Nettoyants et Multi Usages', 'Produit Vaisselle', 'Liquide vaisselle']",Paic,True,False,false,,,750ml,[],https://courses.monoprix.fr/images-v3/0c44253f-c4a3-4340-9d37-d41e42b9d14a/544f2796-6295-4bd1-b56a-8fb05c65a07f/300x300.jpg
Entretien & Nettoyage,782d1c30-bf75-46b7-92d4-6d7485a97298,MPX_2535797,Rainett Tablettes Lave-Vaisselle Tout-En-1 Bicarbonate 600G,7.95,13.25,"['Entretien & Nettoyage', 'Entretien écologique', 'Nettoyant vaisselle écologique']",Rainett,True,False,false,,,600g,[],https://courses.monoprix.fr/images-v3/0c44253f-c4a3-4340-9d37-d41e42b9d14a/5e86b3bd-3340-451a-b581-4b94f3511d21/300x300.jpg
Entretien & Nettoyage,f77cd521-0539-45e5-a4bf-61c08b49ec2d,MPX_104473,Albal Film étirable 2 en 1 réfrigérateur & micro-ondes 20m,3.59,3.59,"['Entretien & Nettoyage', 'Accessoire menager', 'Emballage alimentaire', 'Film alimentaire']",Albal,True,False,false,,,,[],https://courses.monoprix.fr/images-v3/0c44253f-c4a3-4340-9d37-d41e42b9d14a/5731130d-836d-4db4-8404-7030535bc433/300x300.jpg
Entretien & Nettoyage,0f9210be-b85f-4ded-bacb-76397de9a28a,MPX_3858886,Monoprix Rouleaux Essuie-Tout Décorés X3,3.19,1.06,"['Entretien & Nettoyage', 'Essuie tout et Papier toilette', 'Essuie tout']",Monoprix,True,False,false,,,3 par pack,[],https://courses.monoprix.fr/images-v3/0c44253f-c4a3-4340-9d37-d41e42b9d14a/505d4144-a067-44e3-bd17-52e8a5aec3a5/300x300.jpg
Entretien & Nettoyage,d881f4cd-4ffe-408f-bbef-2b308b6eb21b,MPX_3537159,Lotus Papier Toilette Confort Sans Tube x6 rouleaux,6.49,6.49,"['Entretien & Nettoyage', 'Essuie tout et Papier toilette', 'Papier toilette', 'Par 6']",Lotus,True,False,false,,,,[],https://courses.monoprix.fr/images-v3/0c44253f-c4a3-4340-9d37-d41e42b9d14a/d046db77-896c-4dd4-9dfa-5c1b1a4eefda/300x300.jpg
Entretien & Nettoyage,14baf946-a33f-47ce-9090-da5dc3046907,MPX_2548192,"BrefBloc Cuvette Power Activ, Parfum Intense, Océan 50G",2.99,59.8,"['Entretien & Nettoyage', 'Salle de bain, WC et Déboucheur', 'Nettoyant WC']",Bref,True,False,false,,,50g,[],https://courses.monoprix.fr/images-v3/0c44253f-c4a3-4340-9d37-d41e42b9d14a/93cbfb7f-2829-4686-964b-7fc0d4bfb002/300x300.jpg
Entretien & Nettoyage,14bc4464-7c13-42dc-98aa-9f3547912f5c,MPX_2626664,Monoprix Papier Toilette Double Épaisseur X6,1.69,0.28,"['Entretien & Nettoyage', 'Essuie tout et Papier toilette', 'Papier toilette', 'Par 6']",Monoprix,True,False,false,,,6 par pack,[],https://courses.monoprix.fr/images-v3/0c44253f-c4a3-4340-9d37-d41e42b9d14a/d7f56fd5-47d4-43f6-a983-5cd72733dbb2/300x300.jpg
Entretien & Nettoyage,04ce3f54-994f-411d-b7dc-56e5b370c1d1,MPX_1788477,Saint Marc Serpillières Jetables Anti-Bactériennes x20,3.49,0.17,"['Entretien & Nettoyage', 'Produits Nettoyants et Multi Usages', 'Nettoyant Sol', 'Lingette sol']",SAINT MARC,True,False,false,6.0,MONTH,20 par pack,[],https://courses.monoprix.fr/images-v3/0c44253f-c4a3-4340-9d37-d41e42b9d14a/df727e61-50cd-4491-8e64-ba28e28fb7d2/300x300.jpg
Entretien & Nettoyage,86698900-0400-4076-8fd3-c7a305db9b6a,MPX_6585768,Finish power gel tout en 1 - 1L,11.5,11.5,"['Entretien & Nettoyage', 'Produits Nettoyants et Multi Usages', 'Produit Vaisselle', 'Entretien lave vaisselle']",Finish,True,False,false,,,1L,[],https://courses.monoprix.fr/images-v3/0c44253f-c4a3-4340-9d37-d41e42b9d14a/687698c3-6908-4a91-8b5b-ec5910be809c/300x300.jpg
Entretien & Nettoyage,00a85499-4c99-4791-bc77-6420f51363ff,MPX_6619886,L'Arbre Vert Liquide Vaisselle Peaux Sensibles Hypoallergénique 500ml,2.19,4.38,"['Entretien & Nettoyage', 'Produits Nettoyants et Multi Usages', 'Produit Vaisselle', 'Liquide vaisselle']",L'arbre vert,True,False,false,,,500ml,[],https://courses.monoprix.fr/images-v3/0c44253f-c4a3-4340-9d37-d41e42b9d14a/946e7e73-425b-4553-a745-62e55782295a/300x300.jpg
Entretien & Nettoyage,811ace74-6d85-4120-b950-5be05af387b5,MPX_3379994,Monoprix Je Suis Vert Liquide Vaisselle Concentré Peaux Délicates 500Ml,1.99,3.98,"['Entretien & Nettoyage', 'Entretien écologique', 'Nettoyant vaisselle écologique']",Monoprix Je suis Vert,True,False,false,,,50cl,[],https://courses.monoprix.fr/images-v3/0c44253f-c4a3-4340-9d37-d41e42b9d14a/1bd28ee4-91cf-4d32-ba94-a269d1ac6f04/300x300.jpg
Entretien & Nettoyage,04ec1e46-086c-4b8c-8e86-d86b5b1e0027,MPX_5261516,Handy Bag Sacs Poubelle Haute 50L *10,4.49,0.45,"['Entretien & Nettoyage', 'Accessoire menager', 'Sac poubelle', '50L']",Handy bag,True,False,false,6.0,MONTH,10 par pack,[],https://courses.monoprix.fr/images-v3/0c44253f-c4a3-4340-9d37-d41e42b9d14a/a1a0f831-e7cf-4347-b40a-143eb73f0726/300x300.jpg
Entretien & Nettoyage,a6f49b7c-64bc-42d4-ab17-bc306b10c6d7,MPX_6644733,Ariel 4in1 pods ultra détachant en capsules x19 lavages,13.5,30.13,"['Entretien & Nettoyage', 'Lessive et soin du linge', 'Lessive', 'Lessive en dosettes']",Ariel,True,False,false,,,448g,[],https://courses.monoprix.fr/images-v3/0c44253f-c4a3-4340-9d37-d41e42b9d14a/b8db614c-009f-4528-9602-4bf468a4a698/300x300.jpg
Entretien & Nettoyage,9fac6816-a7eb-4a69-8128-1af751c9bbfc,MPX_3378879,Monoprix Sacs Poubelle Liens Classiques 100 Recyclés 30L,2.09,2.09,"['Entretien & Nettoyage', 'Accessoire menager', 'Sac poubelle', '30L']",MONOPRIX,True,False,false,,,,[],https://courses.monoprix.fr/images-v3/0c44253f-c4a3-4340-9d37-d41e42b9d14a/c196da5b-e112-4a1d-9ab4-0f5cfbedd56b/300x300.jpg
Entretien & Nettoyage,832e4bc0-34b6-4d0d-879e-14047fd022a2,MPX_3873491,Cif Lingette Multi-Usage Antibactérien Paquet x120,3.09,8.93,"['Entretien & Nettoyage', 'Produits Nettoyants et Multi Usages', 'Multi usages', 'Lingette']",Cif,True,False,false,,,346g,[],https://courses.monoprix.fr/images-v3/0c44253f-c4a3-4340-9d37-d41e42b9d14a/fa8d161f-2bb3-4d18-bdb9-bd7d2ab49e63/300x300.jpg
Entretien & Nettoyage,1c5b61f6-522d-4b66-aee3-de69eae3f6b6,MPX_2714515,"K2R Détachant Avant Lavage Action Complète 0,75L",5.65,7.53,"['Entretien & Nettoyage', 'Lessive et soin du linge', 'Détachant et Anti-décoloration', 'Détachant']",K2R,True,False,false,,,750ml,[],https://courses.monoprix.fr/images-v3/0c44253f-c4a3-4340-9d37-d41e42b9d14a/f79e68d7-2e70-4e4e-8e6d-97184b41eebd/300x300.jpg
Entretien & Nettoyage,c289fdca-6552-4767-a7fa-4fbf6b548766,MPX_2384212,Monoprix Film fraîcheur 30m,1.75,1.75,"['Entretien & Nettoyage', 'Accessoire menager', 'Emballage alimentaire', 'Film alimentaire']",MONOPRIX,True,False,false,,,,[],https://courses.monoprix.fr/images-v3/0c44253f-c4a3-4340-9d37-d41e42b9d14a/dbb75b20-88cb-4a60-a790-0b7c057c0528/300x300.jpg
Entretien & Nettoyage,40ce6b86-b08c-432c-95c7-176658510671,MPX_6072632,Paic excel liquide vaisselle ultra dégraissant 500ml,2.85,5.7,"['Entretien & Nettoyage', 'Produits Nettoyants et Multi Usages', 'Produit Vaisselle', 'Liquide vaisselle']",Paic,True,False,false,,,500ml,[],https://courses.monoprix.fr/images-v3/0c44253f-c4a3-4340-9d37-d41e42b9d14a/9351271d-bd57-4412-a01c-14df006f5d49/300x300.jpg
Entretien & Nettoyage,829133bb-4dfb-4784-8da2-ae549946e498,MPX_6580435,"L'Arbre Vert Recharge Lessive Liquide Savon Végétal 1,53 L",7.69,5.03,"['Entretien & Nettoyage', 'Lessive et soin du linge', 'Lessive', 'Lessive liquide']",L'arbre vert,True,False,false,,,1.53L,[],https://courses.monoprix.fr/images-v3/0c44253f-c4a3-4340-9d37-d41e42b9d14a/23a4e303-bee5-4eff-bb97-5c206bf16c0f/300x300.jpg
Entretien & Nettoyage,d781df9a-fa1c-4638-b3dc-2d844b624971,MPX_1386923,"Monoprix Eponges végétales grattantes douces, salle de bain x2",1.59,0.8,"['Entretien & Nettoyage', 'Accessoire menager', 'Eponge et lavette']",Monoprix,True,False,false,,,2 par pack,[],https://courses.monoprix.fr/images-v3/0c44253f-c4a3-4340-9d37-d41e42b9d14a/b51faa1b-216c-4b6b-9ec3-f505c2d72b5e/300x300.jpg
Entretien & Nettoyage,5904e37f-2a04-4797-a939-9932fd99a13c,MPX_164812,Monoprix Je Suis Vert Papier Toilette Double Épaisseur X6,3.29,0.55,"['Bio', 'Entretien écologique', 'Essuie tout et Papier toilette écologique']",Monoprix Vert,True,False,false,,,6 par pack,[],https://courses.monoprix.fr/images-v3/0c44253f-c4a3-4340-9d37-d41e42b9d14a/aca36acb-6652-472b-bd56-b1ef500728fd/300x300.jpg
Entretien & Nettoyage,35bac1e0-2765-4d73-9626-75ae60cc48cd,MPX_6565247,Cif Clean Boost Nettoyant Crème à Récurer Original 750ml,2.89,3.85,"['Entretien & Nettoyage', 'Produits Nettoyants et Multi Usages', 'Multi usages', 'Gel et Crème']",Cif,True,False,false,,,750ml,[],https://courses.monoprix.fr/images-v3/0c44253f-c4a3-4340-9d37-d41e42b9d14a/4dbc1b38-16c6-41d2-a6a7-488a6853c337/300x300.jpg
Entretien & Nettoyage,43fb8750-5485-40aa-9291-e8c97736aff1,MPX_2838250,Calgon Anti Calcaire En Gel Hygiène + 750 Ml,7.19,9.59,"['Entretien & Nettoyage', 'Lessive et soin du linge', 'Anti-calcaire']",Calgon,True,False,false,2.0,MONTH,750ml,[],https://courses.monoprix.fr/images-v3/0c44253f-c4a3-4340-9d37-d41e42b9d14a/d30dcc88-10b7-4407-b4ef-01b7dd6c0cbd/300x300.jpg
Entretien & Nettoyage,6c9733ea-6cf4-47f0-8f7f-a354effcb604,MPX_6626218,Monoprix Javel senteur Eucalyptus 2L,1.49,0.75,"['Entretien & Nettoyage', 'Produits Nettoyants et Multi Usages', 'Produits nettoyants', 'Eau de javel']",MONOPRIX,True,False,false,6.0,MONTH,2L,[],https://courses.monoprix.fr/images-v3/0c44253f-c4a3-4340-9d37-d41e42b9d14a/75a67e14-c2e4-48da-a608-969293247b60/300x300.jpg
Entretien & Nettoyage,c94b929f-40ef-41c6-ab4f-57f6fadbae29,MPX_6718854,Sun Expert Plus Tablette Lave-Vaisselle Touten1 *40 700g,11.39,16.27,"['Entretien & Nettoyage', 'Produits Nettoyants et Multi Usages', 'Produit Vaisselle', 'Tablette et dose lave vaisselle']",Sun,True,False,false,,,700g,[],https://courses.monoprix.fr/images-v3/0c44253f-c4a3-4340-9d37-d41e42b9d14a/92bdff93-67f5-439b-baf0-d588c85997ad/300x300.jpg
Entretien & Nettoyage,4e35ebab-2f1b-4d45-a4d6-f631369aedff,MPX_887695,Monoprix Sacs poubelle à poignées 70% recyclés 20L X20,2.19,2.19,"['Entretien & Nettoyage', 'Accessoire menager', 'Sac poubelle', '3L à 20L']",MONOPRIX,True,False,false,,,,[],https://courses.monoprix.fr/images-v3/0c44253f-c4a3-4340-9d37-d41e42b9d14a/3db3035a-d24a-4374-820b-cad29b236bbf/300x300.jpg
Entretien & Nettoyage,a92d818f-96a7-4821-ba5e-8bf97ef3cf37,MPX_2220445,Monoprix Liquide Rinçage Lave-Vaisselle 750Ml,3.45,4.6,"['Entretien & Nettoyage', 'Produits Nettoyants et Multi Usages', 'Produit Vaisselle', 'Entretien lave vaisselle']",Monoprix,True,False,false,,,750ml,[],https://courses.monoprix.fr/images-v3/0c44253f-c4a3-4340-9d37-d41e42b9d14a/38bff484-a845-4b3d-a424-0e7bf337b8e1/300x300.jpg
Entretien & Nettoyage,327c9a31-d389-445d-b5c0-78291523da1e,MPX_5591068,Decolor Stop Lingettes Max Protect x27,6.89,0.26,"['Entretien & Nettoyage', 'Lessive et soin du linge', 'Détachant et Anti-décoloration', 'Anti-coloration']",Décolor Stop,True,False,false,,,27 par pack,[],https://courses.monoprix.fr/images-v3/0c44253f-c4a3-4340-9d37-d41e42b9d14a/e66c179d-600e-40ad-96bc-60609c8b1d24/300x300.jpg
Entretien & Nettoyage,f2758c09-509f-4195-841e-364542c1c683,MPX_4028743,La Croix Pastilles Eau De Javel x40,3.79,0.09,"['Entretien & Nettoyage', 'Produits Nettoyants et Multi Usages', 'Produits nettoyants', 'Eau de javel']",La Croix,True,False,false,6.0,MONTH,40 par pack,[],https://courses.monoprix.fr/images-v3/0c44253f-c4a3-4340-9d37-d41e42b9d14a/bfb175cc-ac37-4979-94a5-a8c359b1b420/300x300.jpg
Entretien & Nettoyage,e9c13aad-0a40-41f5-a420-9f7f7104976d,MPX_3429937,Monoprix spray avec javel 75cl,2.39,3.19,"['Entretien & Nettoyage', 'Produits Nettoyants et Multi Usages', 'Multi usages', 'Spray et Recharge']",Monoprix,True,False,false,,,750ml,[],https://courses.monoprix.fr/images-v3/0c44253f-c4a3-4340-9d37-d41e42b9d14a/fb013ae9-f2bd-44ed-8d18-2d32e4c3bb45/300x300.jpg
Entretien & Nettoyage,aead9b41-8419-475c-8ab6-9308fc4112cd,MPX_6641531,Canard WC Gel 100% Détartrant 750ml,2.95,3.93,"['Entretien & Nettoyage', 'Salle de bain, WC et Déboucheur', 'Nettoyant WC']",Canard WC,True,False,false,,,750ml,[],https://courses.monoprix.fr/images-v3/0c44253f-c4a3-4340-9d37-d41e42b9d14a/c597c7d9-de28-4668-870b-16eceddaa957/300x300.jpg
Entretien & Nettoyage,3d7bfaf0-2bf4-4581-acb4-fe7878e4aeb6,MPX_2275441,Monoprix Sacs poubelle pour poubelles hautes 30L,3.29,3.29,"['Entretien & Nettoyage', 'Accessoire menager', 'Sac poubelle', '30L']",MONOPRIX,True,False,false,,,,[],https://courses.monoprix.fr/images-v3/0c44253f-c4a3-4340-9d37-d41e42b9d14a/a0a18b65-d0db-4f5b-8c33-79a2ee5b4bc7/300x300.jpg
Entretien & Nettoyage,1c416de5-0c9f-4e36-bdd3-aef618bf6013,MPX_6622213,Soupline Adoucissant concentré 3D Grand Air Eco Recharges 3x200ml,3.25,5.42,"['Entretien & Nettoyage', 'Lessive et soin du linge', 'Adoucissant', 'Concentré']",Soupline,True,False,false,,,600ml,[],https://courses.monoprix.fr/images-v3/0c44253f-c4a3-4340-9d37-d41e42b9d14a/34e329ac-8397-40b9-bc27-305091ddcc9a/300x300.jpg
Entretien & Nettoyage,f1420bee-b6e9-4910-9ba3-d85621685b87,MPX_4016022,Carolin lingettes multi-surfaces anti-bactérien eucalyptus x80,3.89,0.05,"['Entretien & Nettoyage', 'Produits Nettoyants et Multi Usages', 'Multi usages', 'Lingette']",Carolin,True,False,false,1.0,YEAR,80 par pack,[],https://courses.monoprix.fr/images-v3/0c44253f-c4a3-4340-9d37-d41e42b9d14a/fb209f6e-0a57-4f32-af17-4ecad3d78ae8/300x300.jpg
Entretien & Nettoyage,fb9cc63d-427f-4c96-9931-f2626064a0b3,MPX_6659480,"Ariel Lessive Liquide Alpine 1,08L",10.9,10.09,"['Entretien & Nettoyage', 'Lessive et soin du linge', 'Lessive', 'Lessive liquide']",Ariel,True,False,false,,,1.08kg,[],https://courses.monoprix.fr/images-v3/0c44253f-c4a3-4340-9d37-d41e42b9d14a/b41a531d-24d6-42fb-a889-8927aa0cf822/300x300.jpg
Entretien & Nettoyage,15b72baf-bddf-4122-8c60-61502cba3b79,MPX_3378882,Monoprix Sacs Poubelle Recyclés Liens Classiques 20L,1.75,1.75,"['Entretien & Nettoyage', 'Accessoire menager', 'Sac poubelle', '3L à 20L']",MONOPRIX,True,False,false,,,,[],https://courses.monoprix.fr/images-v3/0c44253f-c4a3-4340-9d37-d41e42b9d14a/516c1889-954d-4b6e-b26e-654aba1485e1/300x300.jpg
Entretien & Nettoyage,8f86f190-2ea6-4726-9030-e64696353917,MPX_3367312,Monoprix gel wc senteur marine 750ml,1.19,1.59,"['Entretien & Nettoyage', 'Salle de bain, WC et Déboucheur', 'Nettoyant WC']",Monoprix,True,False,false,,,750ml,[],https://courses.monoprix.fr/images-v3/0c44253f-c4a3-4340-9d37-d41e42b9d14a/d1744c23-6bb8-4d50-aed8-264c3cc5b45e/300x300.jpg
Entretien & Nettoyage,08bd0e2a-b3af-4767-b7f1-e548256b8ccd,MPX_6620460,Ajax Nettoyant Vitres Triple Action Spray - 750ml,2.85,3.8,"['Entretien & Nettoyage', 'Produits Nettoyants et Multi Usages', 'Nettoyant Vitre', 'Nettoyant']",Ajax,True,False,false,,,750ml,[],https://courses.monoprix.fr/images-v3/0c44253f-c4a3-4340-9d37-d41e42b9d14a/5541849f-0324-4461-b640-f97cc472b049/300x300.jpg
Entretien & Nettoyage,8e48bbad-5b7a-4e0b-ad5b-44b5541fb2a3,MPX_1922272,La croix javel gel fraîcheur tonique désinfectant 750ml,2.49,3.32,"['Entretien & Nettoyage', 'Produits Nettoyants et Multi Usages', 'Multi usages', 'Gel et Crème']",LA CROIX,True,False,false,6.0,MONTH,750ml,[],https://courses.monoprix.fr/images-v3/0c44253f-c4a3-4340-9d37-d41e42b9d14a/431dba42-303e-4677-97cd-3caa8b06f008/300x300.jpg
Entretien & Nettoyage,1cc7971e-0235-4cda-b516-a74fd747863d,MPX_3367259,Monoprix Lingettes Anti Transfert De Couleurs X24,2.99,0.12,"['Entretien & Nettoyage', 'Lessive et soin du linge', 'Lessive', 'Lessive liquide']",Monoprix,True,False,false,,,24 par pack,[],https://courses.monoprix.fr/images-v3/0c44253f-c4a3-4340-9d37-d41e42b9d14a/77338504-d587-44cc-842a-fc75f40158f5/300x300.jpg
Entretien & Nettoyage,1d24ef5f-d2fe-4973-a37b-65571911a449,MPX_1253547,Monoprix Papier aluminium structure renforcée 15m,2.75,2.75,"['Entretien & Nettoyage', 'Accessoire menager', 'Emballage alimentaire', 'Aluminium']",MONOPRIX,True,False,false,,,,[],https://courses.monoprix.fr/images-v3/0c44253f-c4a3-4340-9d37-d41e42b9d14a/db076847-e11e-4e2e-b8df-6641e7cc9d16/300x300.jpg
Entretien & Nettoyage,aea0e83f-bcbf-46a8-a647-adfccd96658a,MPX_6609936,Mr. Propre Nettoyant Liquide Sol Multi-Usages Fleurs de Coton 1.3L,3.49,2.68,"['Entretien & Nettoyage', 'Produits Nettoyants et Multi Usages', 'Nettoyant Sol', 'Multi surface & Carrelage']",Mr Propre,True,False,false,,,1.3L,[],https://courses.monoprix.fr/images-v3/0c44253f-c4a3-4340-9d37-d41e42b9d14a/307e6256-7560-4591-9214-bdd6e5fd5ade/300x300.jpg
Entretien & Nettoyage,3a6843c2-a200-46d0-bc83-e6f7fd73398f,MPX_6580434,"L'Arbre Vert Lessive Liquide Savon Végétal 1,53 L",8.59,5.61,"['Entretien & Nettoyage', 'Lessive et soin du linge', 'Lessive', 'Lessive liquide']",L'arbre vert,True,False,false,,,1.53L,[],https://courses.monoprix.fr/images-v3/0c44253f-c4a3-4340-9d37-d41e42b9d14a/d7ede175-4fad-4962-97c0-2caf3bc7717a/300x300.jpg
Entretien & Nettoyage,522402b0-d9c9-4b6b-9758-a88835ac6a4f,MPX_5261517,Handy Bag 10 Sacs poubelle à poignées ultra résistant 100L,7.09,7.09,"['Entretien & Nettoyage', 'Accessoire menager', 'Sac poubelle', '100L et plus']",Handy Bag,True,False,false,,,,[],https://courses.monoprix.fr/images-v3/0c44253f-c4a3-4340-9d37-d41e42b9d14a/276cfdf2-0c39-4763-b2bd-530311fbd1ee/300x300.jpg
Entretien & Nettoyage,e4051404-b221-4452-99b5-32f5c0723fef,MPX_6622199,"Soupline Adoucissant dilué 3D Grand Air 1,9L",5.45,2.87,"['Entretien & Nettoyage', 'Lessive et soin du linge', 'Adoucissant', 'Dilué']",Soupline,True,False,false,,,1.9L,[],https://courses.monoprix.fr/images-v3/0c44253f-c4a3-4340-9d37-d41e42b9d14a/97428d25-c16e-4491-adaf-bc40ca33ff8a/300x300.jpg
Entretien & Nettoyage,7fb14bb9-6f50-4360-be40-455afeb290f1,MPX_6622211,La Croix Spray Cuisine Ultra Dégraissant 500 ml,2.39,4.78,"['Entretien & Nettoyage', 'Produits Nettoyants et Multi Usages', 'Nettoyant Cuisine', 'Cuisine']",La croix,True,False,false,1.0,YEAR,500ml,[],https://courses.monoprix.fr/images-v3/0c44253f-c4a3-4340-9d37-d41e42b9d14a/b1161f96-6700-4f59-9337-f434d2b123c2/300x300.jpg
Entretien & Nettoyage,94cc8d7d-690a-4eee-8ffb-2c6c05131032,MPX_6614291,Calgon Power Gel 4 En 1 750ml,6.19,8.25,"['Entretien & Nettoyage', 'Produits Nettoyants et Multi Usages', 'Multi usages', 'Gel et Crème']",Calgon,True,False,false,,,750ml,[],https://courses.monoprix.fr/images-v3/0c44253f-c4a3-4340-9d37-d41e42b9d14a/4baabef0-5208-44fb-b65c-443995f74d9e/300x300.jpg
Entretien & Nettoyage,80abd5c4-46e7-4664-8541-0b90fa77cd3c,MPX_87867,Spontex Flash Eponge *2,3.79,1.9,"['Entretien & Nettoyage', 'Accessoire menager', 'Eponge et lavette']",Spontex,True,False,false,,,2 par pack,[],https://courses.monoprix.fr/images-v3/0c44253f-c4a3-4340-9d37-d41e42b9d14a/87889331-fd1f-44ff-9a1a-73eb0a7e92e6/300x300.jpg
Entretien & Nettoyage,edfd06cd-6728-495f-94d4-aeb4bf13047f,MPX_6659448,Ariel sensitive lessive liquide peaux 24 lavages 1.08l,10.9,10.09,"['Entretien & Nettoyage', 'Lessive et soin du linge', 'Lessive', 'Lessive liquide']",Ariel,True,False,false,,,1.08L,[],https://courses.monoprix.fr/images-v3/0c44253f-c4a3-4340-9d37-d41e42b9d14a/f2d800b9-e46c-4ea8-a487-17501c30c46e/300x300.jpg
Entretien & Nettoyage,cbef021b-67a9-46f9-af60-27d4d36de6db,MPX_1895501,Sun Pastilles Lave-Vaisselle Classic 40 Lavages,7.65,20.13,"['Entretien & Nettoyage', 'Produits Nettoyants et Multi Usages', 'Produit Vaisselle', 'Tablette et dose lave vaisselle']",Sun,True,False,false,,,380g,[],https://courses.monoprix.fr/images-v3/0c44253f-c4a3-4340-9d37-d41e42b9d14a/fdac9e1b-cafc-4364-8001-c4dcf39e01ae/300x300.jpg
Entretien & Nettoyage,cfb271ad-027f-40cd-88c7-332116582ea5,MPX_3550337,Monoprix gel wc super détartrant 750ml,1.49,1.99,"['Entretien & Nettoyage', 'Salle de bain, WC et Déboucheur', 'Nettoyant WC']",Monoprix,True,False,false,1.0,YEAR,750ml,[],https://courses.monoprix.fr/images-v3/0c44253f-c4a3-4340-9d37-d41e42b9d14a/3852dc51-c5c1-44ca-8bfa-469215017fe5/300x300.jpg
Entretien & Nettoyage,c2e2e0a1-7eae-4a7a-8af9-5be49ce50960,MPX_340315,Monoprix Sacs sandwich à zip petit format x25,2.19,2.19,"['Entretien & Nettoyage', 'Accessoire menager', 'Emballage alimentaire', 'Sac de congélation et Sac à glaçon']",MONOPRIX,True,False,false,,,,[],https://courses.monoprix.fr/images-v3/0c44253f-c4a3-4340-9d37-d41e42b9d14a/d43c8252-a59e-4f80-903b-3fc8583e9b99/300x300.jpg
Entretien & Nettoyage,ae8357f1-655f-4966-8514-2ae0fc14e6e2,MPX_6620490,La Croix Spray avec Javel Ultra Brillance 500ml,2.39,4.78,"['Entretien & Nettoyage', 'Produits Nettoyants et Multi Usages', 'Multi usages']",La Croix,True,False,false,1.0,YEAR,500ml,[],https://courses.monoprix.fr/images-v3/0c44253f-c4a3-4340-9d37-d41e42b9d14a/05ef7ac5-3f29-44fa-851b-e7d4de7d08ee/300x300.jpg
Entretien & Nettoyage,a3ea3d21-4ce3-4758-bca1-851a8d801203,MPX_6625668,"Persil Lessive Liquide au Savon de Marseille Peaux Sensibles 1,8L",7.59,4.13,"['Entretien & Nettoyage', 'Lessive et soin du linge', 'Lessive', 'Lessive liquide']",Persil,True,False,false,,,1.836L,[],https://courses.monoprix.fr/images-v3/0c44253f-c4a3-4340-9d37-d41e42b9d14a/960991a9-6b85-4728-b49e-934904b0aa6c/300x300.jpg
Entretien & Nettoyage,342d5399-b353-4a24-a1f0-5e3851c36b1f,MPX_6644729,Ariel 3in1 pods alpine x19 lavages,10.9,28.31,"['Entretien & Nettoyage', 'Lessive et soin du linge', 'Lessive', 'Lessive en dosettes']",Ariel,True,False,false,,,385g,[],https://courses.monoprix.fr/images-v3/0c44253f-c4a3-4340-9d37-d41e42b9d14a/239141c4-d332-4128-9316-f2b426a781c6/300x300.jpg
Entretien & Nettoyage,cbf9f7c6-fefa-4376-a5b1-c2177045a0ff,MPX_1247664,Monoprix Carrés spécial Vaisselle et plan de Travail x5,1.59,0.32,"['Entretien & Nettoyage', 'Accessoire menager', 'Eponge et lavette']",Monoprix,True,False,false,,,5 par pack,[],https://courses.monoprix.fr/images-v3/0c44253f-c4a3-4340-9d37-d41e42b9d14a/6432d12c-67d1-4a8a-9e14-63adef92614f/300x300.jpg
Entretien & Nettoyage,9c82c23d-9c6f-4afa-9830-a2da3769423a,MPX_2836338,Spontex Eponges Grattantes Dégraissantes x2,3.59,1.8,"['Entretien & Nettoyage', 'Accessoire menager', 'Eponge et lavette']",Spontex,True,False,false,,,2 par pack,[],https://courses.monoprix.fr/images-v3/0c44253f-c4a3-4340-9d37-d41e42b9d14a/0ed35061-c107-4134-9abe-e2a9ef279bf3/300x300.jpg
Entretien & Nettoyage,6e891d17-44c8-4e26-9266-2a6b78f333bd,MPX_3513655,Spontex Gratte-Eponge Longue Durée *3,3.09,1.03,"['Entretien & Nettoyage', 'Accessoire menager', 'Eponge et lavette']",Spontex,True,False,false,,,3 par pack,[],https://courses.monoprix.fr/images-v3/0c44253f-c4a3-4340-9d37-d41e42b9d14a/1d145c9c-359a-46bc-a409-4524aebcbac7/300x300.jpg
Entretien & Nettoyage,8fd49925-48b5-4300-b5e9-b7bd7c40ae56,MPX_6612348,Destop Déboucheur Liquide Original 950ml,4.19,4.41,"['Entretien & Nettoyage', 'Salle de bain, WC et Déboucheur', 'Déboucheur']",Destop,True,False,false,,,950ml,[],https://courses.monoprix.fr/images-v3/0c44253f-c4a3-4340-9d37-d41e42b9d14a/660049f5-7bbc-4587-9453-f98b0cfdd124/300x300.jpg
Entretien & Nettoyage,de77c4f2-f1d8-4800-bad4-5015b8069f38,MPX_2480379,"Destop Entretien Canalisation, Parfum Agrumes 75 Cl",4.15,5.53,"['Entretien & Nettoyage', 'Salle de bain, WC et Déboucheur', 'Déboucheur']",Destop,True,False,false,6.0,MONTH,750ml,[],https://courses.monoprix.fr/images-v3/0c44253f-c4a3-4340-9d37-d41e42b9d14a/c81dac62-33ba-4ee7-8ee4-5c4847e49c51/300x300.jpg
Entretien & Nettoyage,0c8c22db-a783-4bfb-bc55-20fb652b55fb,MPX_6622200,"Soupline Adoucissant dilué 3D Hypoallergénique 1,9L",5.43,2.86,"['Entretien & Nettoyage', 'Lessive et soin du linge', 'Adoucissant', 'Dilué']",Soupline,True,False,false,,,1.9L,[],https://courses.monoprix.fr/images-v3/0c44253f-c4a3-4340-9d37-d41e42b9d14a/ae09d24e-5a0a-4c8d-9f44-9c763dd8f9d7/300x300.jpg
Entretien & Nettoyage,75172bb3-ec70-4dee-bf29-41d46c2aaa29,MPX_6657820,Carolin nettoyant sol savon de Marseille 1,3.89,3.89,"['Entretien & Nettoyage', 'Produits Nettoyants et Multi Usages', 'Nettoyant Sol', 'Parquet']",Carolin,True,False,false,,,1L,[],https://courses.monoprix.fr/images-v3/0c44253f-c4a3-4340-9d37-d41e42b9d14a/e8689933-ed33-4c6d-8b0c-8861827f6511/300x300.jpg
Entretien & Nettoyage,0185ba0c-2cd0-4db1-ab02-f8b098f27f34,MPX_5043839,St Marc Lingettes Compostables Soleil De Corse X30,2.25,0.07,"['Entretien & Nettoyage', 'Produits Nettoyants et Multi Usages', 'Multi usages', 'Lingette']",SAINT MARC,True,False,false,6.0,MONTH,30 par pack,[],https://courses.monoprix.fr/images-v3/0c44253f-c4a3-4340-9d37-d41e42b9d14a/891f2f2f-6548-47b2-b1f3-7be60a4e3f11/300x300.jpg
Entretien & Nettoyage,046ff0bb-d9bf-4894-899a-e69c2f1b88c3,MPX_6626293,Ajax Vitres Recharge Triple action 75cl,2.05,2.73,"['Entretien & Nettoyage', 'Produits Nettoyants et Multi Usages', 'Nettoyant Vitre', 'Recharge']",Ajax,True,False,false,,,750ml,[],https://courses.monoprix.fr/images-v3/0c44253f-c4a3-4340-9d37-d41e42b9d14a/17819301-ad9f-403f-91d0-a575e3222a54/300x300.jpg
Entretien & Nettoyage,e34ce165-15c2-4b45-9b29-8fcfafa8b8c6,MPX_6622169,"Soupline Adoucissant Concentré Grand Air 1,35 L",7.59,5.62,"['Entretien & Nettoyage', 'Lessive et soin du linge', 'Adoucissant', 'Concentré']",Soupline,True,False,false,,,1.35L,[],https://courses.monoprix.fr/images-v3/0c44253f-c4a3-4340-9d37-d41e42b9d14a/2f0a14b4-ad77-4890-b63e-fdb21c8d36a0/300x300.jpg
Entretien & Nettoyage,78f107ea-33c3-4f92-9238-0929afd28131,MPX_6608342,Finish Powerball Quantum All in One Capsules pour Lave-vaisselle x33,11.5,33.53,"['Entretien & Nettoyage', 'Produits Nettoyants et Multi Usages', 'Produit Vaisselle', 'Tablette et dose lave vaisselle']",Finish,True,False,false,,,343g,[],https://courses.monoprix.fr/images-v3/0c44253f-c4a3-4340-9d37-d41e42b9d14a/95c6ff68-ddfc-40a1-b0c7-4ae2f099043c/300x300.jpg
Entretien & Nettoyage,18a7ee92-293d-4f58-88ac-3c948cef964d,MPX_4165513,Monoprix Nettoyant Vitres 3 En 1 750Ml,2.09,2.79,"['Entretien & Nettoyage', 'Produits Nettoyants et Multi Usages', 'Nettoyant Vitre', 'Nettoyant']",Monoprix,True,False,false,,,750ml,[],https://courses.monoprix.fr/images-v3/0c44253f-c4a3-4340-9d37-d41e42b9d14a/2cf70bd3-4453-4e2c-879c-d84afb0a68e6/300x300.jpg
Entretien & Nettoyage,020a5aca-af01-4629-9764-5a882c34c8bc,MPX_2093348,Lotus papier toilette confort collection x6,4.09,4.09,"['Entretien & Nettoyage', 'Essuie tout et Papier toilette', 'Papier toilette', 'Par 6']",Lotus,True,False,false,,,,[],https://courses.monoprix.fr/images-v3/0c44253f-c4a3-4340-9d37-d41e42b9d14a/a81f9340-2ae7-4885-9934-d5be8df3aedd/300x300.jpg
Entretien & Nettoyage,ef6cf51a-d133-4bbb-8b5e-a61c04223c74,MPX_2850226,Melitta Filtre à café brun 80 unité,2.15,12.08,"['Entretien & Nettoyage', 'Accessoire menager', 'Autres accessoires', 'Filtre à café et détartrant']",Melitta,True,False,false,,,178g,[],https://courses.monoprix.fr/images-v3/0c44253f-c4a3-4340-9d37-d41e42b9d14a/3da72d09-7639-4344-90ea-814bfae4977f/300x300.jpg
Entretien & Nettoyage,cb57d28c-8ff4-4944-b46a-697d239fe91c,MPX_4165511,Monoprix Liquide Vaisselle Framboise Cerise 500ml,1.29,2.58,"['Entretien & Nettoyage', 'Produits Nettoyants et Multi Usages', 'Produit Vaisselle', 'Liquide vaisselle']",Monoprix,True,False,false,,,500ml,[],https://courses.monoprix.fr/images-v3/0c44253f-c4a3-4340-9d37-d41e42b9d14a/ec2bf3f8-c23c-4dd5-b800-bf64fadc5bdc/300x300.jpg
Entretien & Nettoyage,5d12ea2f-3b86-4b2f-81dd-f061550d5833,MPX_6566215,Mr Propre Spray Nettoyant Multi-Usages au Bicarbonate Eucalyptus 500ml,3.39,6.78,"['Entretien & Nettoyage', 'Produits Nettoyants et Multi Usages', 'Multi usages', 'Spray et Recharge']",Mr Propre,True,False,false,,,500ml,[],https://courses.monoprix.fr/images-v3/0c44253f-c4a3-4340-9d37-d41e42b9d14a/734c08a4-b326-4615-9c99-51401b042979/300x300.jpg
Entretien & Nettoyage,eecd6c7f-b521-498d-9f3f-9caea5858d48,MPX_2480381,Mr Propre Gomme Magique Originale X3,4.95,4.95,"['Entretien & Nettoyage', 'Accessoire menager', 'Eponge et lavette']",Mr Propre,True,False,false,,,,[],https://courses.monoprix.fr/images-v3/0c44253f-c4a3-4340-9d37-d41e42b9d14a/13165fb1-8e4c-42ba-987f-aabda2c8dcf4/300x300.jpg
Entretien & Nettoyage,788e11bc-ffb9-49e5-9438-8cade1b300fc,MPX_3623313,Monoprix Je Suis Verts Sac Poubelle 50L x10,2.39,0.24,"['Bio', 'Entretien écologique', 'Accessoire ménager écologique']",Monoprix,True,False,false,,,10 par pack,[],https://courses.monoprix.fr/images-v3/0c44253f-c4a3-4340-9d37-d41e42b9d14a/bebc17a8-1b46-4575-8ef5-f1a6f9ca103c/300x300.jpg
Entretien & Nettoyage,ca62a529-c174-46ee-9445-3ebf20a9d2f4,MPX_1815714,Briochin Savon Noir Liquide 1 L,4.85,4.85,"['Entretien & Nettoyage', 'Produits Nettoyants et Multi Usages', 'Nettoyant Sol', 'Multi surface & Carrelage']",Briochin,True,False,false,,,1L,[],https://courses.monoprix.fr/images-v3/0c44253f-c4a3-4340-9d37-d41e42b9d14a/a9507638-bb54-416a-8f94-585d9a1c26b5/300x300.jpg
Entretien & Nettoyage,72f3d5cd-dbc0-494d-98c0-5f84bf3675b3,MPX_5272076,Handy Bag Sacs Poubelle À Poignées Coulissantes Ultra Résistant 20L X15,3.89,0.26,"['Entretien & Nettoyage', 'Accessoire menager', 'Sac poubelle', '3L à 20L']",Handy Bag,True,False,false,,,15 par pack,[],https://courses.monoprix.fr/images-v3/0c44253f-c4a3-4340-9d37-d41e42b9d14a/16fa46d1-0a60-44e6-bd83-1890ec7c669a/300x300.jpg
Entretien & Nettoyage,c85c8e75-20b2-41e7-a0f0-5b24aa13fe0f,MPX_5261515,Handy Bag Sacs Poubelle À Poignées Coulissantes Devor Odeur 50L X8,5.29,0.66,"['Entretien & Nettoyage', 'Accessoire menager', 'Sac poubelle', '50L']",Handy Bag,True,False,false,,,8 par pack,[],https://courses.monoprix.fr/images-v3/0c44253f-c4a3-4340-9d37-d41e42b9d14a/dfed6d3e-3abf-4b41-b4a2-7e52e4f6e545/300x300.jpg
Entretien & Nettoyage,8e9964df-e072-4403-b03b-5a28c20d7241,MPX_2385752,Monoprix Lingettes Multi-Usages Agrumes x50,2.75,0.06,"['Entretien & Nettoyage', 'Produits Nettoyants et Multi Usages', 'Multi usages', 'Lingette']",Monoprix,True,False,false,,,50 par pack,[],https://courses.monoprix.fr/images-v3/0c44253f-c4a3-4340-9d37-d41e42b9d14a/9592badb-7719-4bd7-8f36-3e191632beef/300x300.jpg
Entretien & Nettoyage,b6070690-b827-4a1d-bd1e-c8555fd76705,MPX_6608951,Finish Nettoyant Machine Intégral 250ml,5.25,21.0,"['Entretien & Nettoyage', 'Produits Nettoyants et Multi Usages', 'Produit Vaisselle', 'Entretien lave vaisselle']",Finish,True,False,false,,,250ml,[],https://courses.monoprix.fr/images-v3/0c44253f-c4a3-4340-9d37-d41e42b9d14a/4677a2cf-e5bf-4508-b0b7-0d0236625212/300x300.jpg
Entretien & Nettoyage,4df975a2-5c59-432f-8ba1-7e41a7541f4d,MPX_3624289,Monoprix Adoucissant Concentré Fraicheur 750Ml,2.89,3.85,"['Entretien & Nettoyage', 'Lessive et soin du linge', 'Adoucissant', 'Concentré']",Monoprix,True,False,false,,,750ml,[],https://courses.monoprix.fr/images-v3/0c44253f-c4a3-4340-9d37-d41e42b9d14a/4913cf9e-e73c-4205-9487-d0284f3f158e/300x300.jpg
Entretien & Nettoyage,c26cf629-04bc-45e6-8f1a-e68f06f462e9,MPX_4092990,Leader Price Papier Cuisson 15mx30cm,1.24,1.24,"['Entretien & Nettoyage', 'Accessoire menager', 'Emballage alimentaire', 'Papier cuisson']",Leader Price,True,False,false,,,,[],https://courses.monoprix.fr/images-v3/0c44253f-c4a3-4340-9d37-d41e42b9d14a/f913c80a-1aad-4271-b3ba-65f806c13bcc/300x300.jpg
Entretien & Nettoyage,f9a1172e-a04b-4d19-822c-bf9e62b5f783,MPX_5186460,ALBAL Sacs Congélation Ultra Zip Fermeture Zip 3L x15,3.69,0.25,"['Entretien & Nettoyage', 'Accessoire menager', 'Emballage alimentaire', 'Sac de congélation et Sac à glaçon']",Albal,True,False,false,,,15 par pack,[],https://courses.monoprix.fr/images-v3/0c44253f-c4a3-4340-9d37-d41e42b9d14a/d9f86ee3-7ff0-4f65-8928-89c45a593469/300x300.jpg
Entretien & Nettoyage,7f0f6a96-64fd-4740-91e9-32ac914d2869,MPX_3623311,Monoprix Je Suis Vert Sacs poubelle éco-responsables 30L X20,2.39,0.12,"['Bio', 'Entretien écologique', 'Accessoire ménager écologique']",MONOP PROD. VERTS,True,False,false,,,20 par pack,[],https://courses.monoprix.fr/images-v3/0c44253f-c4a3-4340-9d37-d41e42b9d14a/98eac047-513e-4e67-91ba-a674481e542d/300x300.jpg
Entretien & Nettoyage,0849c6d7-3501-4386-9ecf-2a79f9febf11,MPX_2775267,Air Wick Désodorisant Aérosol Douceur de Coton 250ml,4.45,17.8,"['Entretien & Nettoyage', 'Désodorisant et Insecticide', 'Désodorisant', 'Spray et vaporisateur']",Air wick,True,False,false,,,250ml,[],https://courses.monoprix.fr/images-v3/0c44253f-c4a3-4340-9d37-d41e42b9d14a/3c7ea4c8-81b0-4302-9ca6-c839817f414d/300x300.jpg
Entretien & Nettoyage,caee3c36-e7ff-4b56-8ad2-cd10ff34f5bd,MPX_340512,Monoprix Eponges végétales grand modèle super absorbantes x2,1.99,1.0,"['Entretien & Nettoyage', 'Accessoire menager', 'Eponge et lavette']",Monoprix,True,False,false,,,2 par pack,[],https://courses.monoprix.fr/images-v3/0c44253f-c4a3-4340-9d37-d41e42b9d14a/13d149c5-ec72-4829-b269-89289529eae4/300x300.jpg
Entretien & Nettoyage,406d47da-e5da-495b-ac9f-04c7e6e32047,MPX_89047,Spontex Eponges Trio Colors Ergonomiques *3,2.49,0.83,"['Entretien & Nettoyage', 'Accessoire menager', 'Eponge et lavette']",Spontex,True,False,false,,,3 par pack,[],https://courses.monoprix.fr/images-v3/0c44253f-c4a3-4340-9d37-d41e42b9d14a/f1491214-ffec-4806-be85-39a4ce34c953/300x300.jpg
Entretien & Nettoyage,4f7fa832-f2a5-47f6-b9d4-0fe0e1a92168,MPX_6712446,Dash Pods Envolee D'Air *33 Lavages,16.29,0.49,"['Entretien & Nettoyage', 'Lessive et soin du linge', 'Lessive', 'Lessive en dosettes']",Dash,True,False,false,,,33 par pack,[],https://courses.monoprix.fr/images-v3/0c44253f-c4a3-4340-9d37-d41e42b9d14a/bcfb1b3b-bd5c-4692-bb14-cd96e32dd949/300x300.jpg
Entretien & Nettoyage,efd393b2-d07a-4271-a3f2-f068f01f02c0,MPX_6657819,Carolin nettoyant parfumé parquet modernes 1l,4.29,4.29,"['Entretien & Nettoyage', 'Produits Nettoyants et Multi Usages', 'Nettoyant Sol', 'Parquet']",Carolin,True,False,false,,,1L,[],https://courses.monoprix.fr/images-v3/0c44253f-c4a3-4340-9d37-d41e42b9d14a/1710b85d-355e-48ee-a838-ea79010b12f8/300x300.jpg
Entretien & Nettoyage,3dfa2dbd-84e8-4af7-a9c9-dc34525cfd58,MPX_6659452,Ariel original lessive liquide 34 lavages 1.53l,13.5,8.82,"['Entretien & Nettoyage', 'Lessive et soin du linge', 'Lessive', 'Lessive liquide']",Ariel,True,False,false,,,1.53L,[],https://courses.monoprix.fr/images-v3/0c44253f-c4a3-4340-9d37-d41e42b9d14a/148fc70c-a93d-41b0-a87d-c451302bb906/300x300.jpg
Entretien & Nettoyage,958af9ca-2f1c-40e3-82b4-3acaba1552a7,MPX_2336647,Carolin Lingettes Jetables Au Savon De Marseille X15,5.29,0.35,"['Entretien & Nettoyage', 'Produits Nettoyants et Multi Usages', 'Nettoyant Sol', 'Lingette sol']",Carolin,True,False,false,,,15 par pack,[],https://courses.monoprix.fr/images-v3/0c44253f-c4a3-4340-9d37-d41e42b9d14a/1d9b0196-c60e-4030-938e-ea6a3fd12131/300x300.jpg
Entretien & Nettoyage,fd01bb80-3741-445c-9afd-ddc8d37c9837,MPX_2481498,Lotus Papier Toilette Moltonel rouleaux (blanc ou rose) x6,5.89,0.98,"['Entretien & Nettoyage', 'Essuie tout et Papier toilette', 'Papier toilette', 'Par 6']",Lotus,True,False,false,,,6 par pack,[],https://courses.monoprix.fr/images-v3/0c44253f-c4a3-4340-9d37-d41e42b9d14a/0bd0bb45-9c31-4cc6-9e02-e8d9671d0b6a/300x300.jpg
Entretien & Nettoyage,20627d0e-dc41-41b0-84c5-775f4fce8d6e,MPX_4029039,ALBAL Papier Cuisson 16 feuilles Anti-adhérent,3.69,0.23,"['Entretien & Nettoyage', 'Accessoire menager', 'Emballage alimentaire', 'Papier cuisson']",Albal,True,False,false,,,16 par pack,[],https://courses.monoprix.fr/images-v3/0c44253f-c4a3-4340-9d37-d41e42b9d14a/1e0819ba-8630-43bb-b3fd-6cb756548a39/300x300.jpg
Entretien & Nettoyage,f75cffe4-c0d6-4617-aa2c-0503fbbccb1d,MPX_5261513,Handy Bag Sacs Poubelle Devor Odeur 30L X12,5.29,0.44,"['Entretien & Nettoyage', 'Accessoire menager', 'Sac poubelle', '30L']",Handy Bag,True,False,false,,,12 par pack,[],https://courses.monoprix.fr/images-v3/0c44253f-c4a3-4340-9d37-d41e42b9d14a/cf186e8c-735d-49be-af5c-a8a8b02a6d1c/300x300.jpg
Entretien & Nettoyage,42307632-1790-4465-80ed-9638177698e8,MPX_2481497,Lotus Papier Toilette Moltonel Style x6,5.49,11.39,"['Entretien & Nettoyage', 'Essuie tout et Papier toilette', 'Papier toilette', 'Par 6']",Lotus,True,False,false,,,0.482kg,[],https://courses.monoprix.fr/images-v3/0c44253f-c4a3-4340-9d37-d41e42b9d14a/84a18ce2-6055-4213-84fb-1afea0a9ac8c/300x300.jpg
Entretien & Nettoyage,9774e665-8ddc-4e7d-af79-1f72ecbab893,MPX_6609992,Vanish Oxi Action Détachant en Poudre 470g,8.19,17.43,"['Entretien & Nettoyage', 'Lessive et soin du linge', 'Détachant et Anti-décoloration', 'Détachant']",Vanish,True,False,false,,,470g,[],https://courses.monoprix.fr/images-v3/0c44253f-c4a3-4340-9d37-d41e42b9d14a/08305d41-2346-4c8b-9a2b-2c3cd04a667d/300x300.jpg
Entretien & Nettoyage,b2f61752-977a-4367-90d9-a3316637c1f2,MPX_340511,Monoprix Eponges Végétales Petit Modèle Super Absorbantes,1.29,1.29,"['Entretien & Nettoyage', 'Accessoire menager', 'Eponge et lavette']",Monoprix,True,False,false,,,,[],https://courses.monoprix.fr/images-v3/0c44253f-c4a3-4340-9d37-d41e42b9d14a/d395c7e8-8152-416b-8fdd-b16015f60903/300x300.jpg
Entretien & Nettoyage,3e833301-f5d2-4b6b-8277-e9967adac01e,MPX_6626303,"Soupline Adoucissant concentré Hypoallergénique 1,35L",7.59,5.62,"['Entretien & Nettoyage', 'Lessive et soin du linge', 'Adoucissant', 'Concentré']",Soupline,True,False,false,,,1.35L,[],https://courses.monoprix.fr/images-v3/0c44253f-c4a3-4340-9d37-d41e42b9d14a/7f6733e4-2b24-49f5-86b7-3c03d72fa303/300x300.jpg
Entretien & Nettoyage,c985b209-ffd0-4122-b71f-6d4fd29c6860,MPX_262,Palmolive Liquide Vaisselle Peaux Sensibles 500ml,2.35,4.7,"['Entretien & Nettoyage', 'Produits Nettoyants et Multi Usages', 'Produit Vaisselle', 'Liquide vaisselle']",Palmolive,True,False,false,6.0,MONTH,500ml,[],https://courses.monoprix.fr/images-v3/0c44253f-c4a3-4340-9d37-d41e42b9d14a/c3c33ede-9e87-421b-b96e-7951bf4d852b/300x300.jpg
Entretien & Nettoyage,ea138351-21b3-41d2-bbd1-955ac1fcc45f,MPX_1346973,Monoprix Film Fraîcheur Micro-Ondes 2En1 20 Mètres,2.09,2.09,"['Entretien & Nettoyage', 'Accessoire menager', 'Emballage alimentaire', 'Film alimentaire']",MONOPRIX,True,False,false,,,,[],https://courses.monoprix.fr/images-v3/0c44253f-c4a3-4340-9d37-d41e42b9d14a/e9bd4c7c-83a2-40fd-bf70-878dcbaddd4a/300x300.jpg
Entretien & Nettoyage,f2ec0617-9dab-46ca-9849-95bf3ea921f0,MPX_2280052,Calgon Anti-Calcaire Pour Lave-Linge X48,16.9,27.08,"['Entretien & Nettoyage', 'Lessive et soin du linge', 'Anti-calcaire']",Calgon,True,False,false,,,624g,[],https://courses.monoprix.fr/images-v3/0c44253f-c4a3-4340-9d37-d41e42b9d14a/1204e968-e68a-4388-9367-4040babea909/300x300.jpg
Entretien & Nettoyage,fd7d7121-fd6b-4214-adf7-e9fb6a4a0c00,MPX_2278939,Monoprix Tablettes Hydrosolubles Lave-Vaisselle Fraîcheur Citron X45,5.75,12.78,"['Entretien & Nettoyage', 'Produits Nettoyants et Multi Usages', 'Produit Vaisselle', 'Tablette et dose lave vaisselle']",Monoprix,True,False,false,,,450g,[],https://courses.monoprix.fr/images-v3/0c44253f-c4a3-4340-9d37-d41e42b9d14a/cc4bf166-5d64-4ece-92fc-4c3f343f6f3a/300x300.jpg
Entretien & Nettoyage,df979e5e-50de-4751-941a-0c801399f9f7,MPX_1951371,"Monoprix Gants résistants spécial ménage, latex naturel, Taille M x2",2.45,2.45,"['Entretien & Nettoyage', 'Accessoire menager', 'Gant']",Monoprix,True,False,false,,,,[],https://courses.monoprix.fr/images-v3/0c44253f-c4a3-4340-9d37-d41e42b9d14a/8bdc7945-e459-475c-8a3a-afb651d654ad/300x300.jpg
Entretien & Nettoyage,ca385492-72dc-4c19-a95f-08f16df18629,MPX_2467975,Génie Gel Express Main Sans Frotter 200Ml,2.55,12.75,"['Entretien & Nettoyage', 'Lessive et soin du linge', 'Lessive', 'Linge délicat et main']",Genie,True,False,false,,,200ml,[],https://courses.monoprix.fr/images-v3/0c44253f-c4a3-4340-9d37-d41e42b9d14a/2857a527-9d63-4760-bd61-37157c2a772a/300x300.jpg
Epicerie Salée,08829b8b-79cf-4791-8fbd-3099ebffcd53,MPX_163027,Monoprix Olives vertes dénoyautées 160g,1.29,8.06,"['Nos sélections', 'Inspiration du moment', '& Barbecue', 'Epicerie salée']",Monoprix,True,False,false,1.0,YEAR,160g,[],https://courses.monoprix.fr/images-v3/0c44253f-c4a3-4340-9d37-d41e42b9d14a/062f3bad-1084-4825-bb04-5a62ef2c598c/300x300.jpg
Epicerie Salée,6ea68745-3bbb-4860-9bcb-e2ec8a0dfcf0,MPX_3266125,Heinz Tomato Ketchup Flacon Top Down 460G,2.35,5.11,"['Nos recettes', 'Recettes du Monde', '& Crêpe Japonaise Okonomiyaki']",Heinz,True,False,false,2.0,MONTH,460g,[],https://courses.monoprix.fr/images-v3/0c44253f-c4a3-4340-9d37-d41e42b9d14a/8bec90dd-4f73-4c07-ac6e-fd255bdff750/300x300.jpg
Epicerie Salée,67d23a9c-9f2f-407f-ad35-d9797e0bc229,MPX_3416695,Cassegrain Haricots verts très fins coupés 330g,2.55,11.59,"['Promotions', 'Les promos à ne pas manquer', 'Le 2ème à moins 50%']",Cassegrain,True,False,false,1.0,YEAR,220g,['Produit vegan'],https://courses.monoprix.fr/images-v3/0c44253f-c4a3-4340-9d37-d41e42b9d14a/64230ff2-02b6-42aa-aa67-1ababc351653/300x300.jpg
Epicerie Salée,b03b52bc-2d8a-436d-a1e5-37ba3ee6d5f6,MPX_3954590,Rummo Sauce Tomates et Basilic 340g,2.99,8.79,"['Produits du monde', 'Italie - Italia', 'Sauces']",RUMMO,True,False,false,1.0,YEAR,340g,[],https://courses.monoprix.fr/images-v3/0c44253f-c4a3-4340-9d37-d41e42b9d14a/37238fdc-86ad-4f5b-affc-653e8ae1c77d/300x300.jpg
Epicerie Salée,d6ed0673-50b2-4de7-b51c-b0ba6aecadaf,MPX_3379565,Cassegrain Petits Pois & Carottes 265G,2.19,8.26,"['Promotions', 'Les promos à ne pas manquer', 'Le 2ème à moins 50%']",Cassegrain,True,False,false,1.0,YEAR,265g,['Produit vegan'],https://courses.monoprix.fr/images-v3/0c44253f-c4a3-4340-9d37-d41e42b9d14a/935f8a56-98db-4b56-bf23-8ce61c6366a3/300x300.jpg
Epicerie Salée,19efa224-0fc6-497e-948f-7f371fc461a0,MPX_156056,Monoprix Huile de Tournesol 1L,3.09,3.09,"['Promotions', 'Promo Epicerie', 'Promo Epicerie Salée']",Monoprix,True,False,false,2.0,MONTH,1L,[],https://courses.monoprix.fr/images-v3/0c44253f-c4a3-4340-9d37-d41e42b9d14a/0e4f312c-ecd5-4a30-a9d1-9e188c55ca74/300x300.jpg
Epicerie Salée,f7ba97c1-7abf-4dc9-b07c-fdee8426c73a,MPX_3500098,Regent's Park bagels sésame 250g,4.65,18.6,"['Produits du monde', 'Royaume-Uni - UK', 'Biscuits, Confitures et Pâtes à tartiner']",REGENT'S PARK,True,False,false,1.0,WEEK,250g,['Produit végétarien'],https://courses.monoprix.fr/images-v3/0c44253f-c4a3-4340-9d37-d41e42b9d14a/8c6e7ed2-0c6c-40b8-8160-80ff79aa1aaf/300x300.jpg
Epicerie Salée,4c40d2c9-fde7-47d6-8d55-d00508071378,MPX_2835863,Barilla sauce tomates cuisinées 400g,1.95,4.88,"['Promotions', 'Les promos à ne pas manquer', 'Le 2ème à moins 50%']",Barilla,True,False,false,6.0,MONTH,400g,[],https://courses.monoprix.fr/images-v3/0c44253f-c4a3-4340-9d37-d41e42b9d14a/83ed32a1-edd1-486a-95fa-11b7e81265a7/300x300.jpg
Epicerie Salée,915df9fd-6e72-4821-a381-6b5e5b976985,MPX_4003949,Monoprix Gourmet Chips de Sarrasin 100g,4.65,46.5,"['Epicerie Salée', 'Produit apéritif', 'Chips et Biscuit Apéritif', 'Chips']",Monoprix Gourmet,True,False,false,1.0,MONTH,100g,[],https://courses.monoprix.fr/images-v3/0c44253f-c4a3-4340-9d37-d41e42b9d14a/ee4c0cf0-5c00-4c24-992b-35bd118592cf/300x300.jpg
Epicerie Salée,980a2a67-036c-4e9d-811d-ef9cf34076e8,MPX_3046976,Atelier Blini Houmous Bio 160G,4.49,28.06,"['Epicerie Salée', 'Produit apéritif', 'Tartinable et Produit de la Mer', 'Houmous et Tarama']",Atelier Blini,True,False,false,6.0,DAY,160g,['Produit bio'],https://courses.monoprix.fr/images-v3/0c44253f-c4a3-4340-9d37-d41e42b9d14a/a06fb829-04b3-4258-8e98-14f84b53738e/300x300.jpg
Epicerie Salée,ed7d69d8-5848-4cfe-9e15-def6c278029e,MPX_3165213,Liebig PurSoup' Velouté de potiron 2x30 cl,2.95,4.92,"['Promotions', 'Promo Epicerie', 'Promo Epicerie Salée']",Liebig,True,False,false,2.0,MONTH,600ml,[],https://courses.monoprix.fr/images-v3/0c44253f-c4a3-4340-9d37-d41e42b9d14a/df16b0ba-98a6-4c37-b0ed-576da060d121/300x300.jpg
Epicerie Salée,502c1493-ce2e-419c-8728-d7a044b72feb,MPX_3046516,Heinz Mayonnaise American style 215g,2.79,12.98,"['Epicerie Salée', 'Sauce et Base culinaire', 'Mayonnaise, Ketchup et Autres', 'Mayonnaise']",Heinz,True,False,false,2.0,MONTH,215g,[],https://courses.monoprix.fr/images-v3/0c44253f-c4a3-4340-9d37-d41e42b9d14a/71d2c5ed-3bfa-4481-9af0-273419924b23/300x300.jpg
Epicerie Salée,f6fad7d1-8a54-4624-bff3-8e8a21cf6d08,MPX_3165214,Liebig PurSoup' Velouté de légumes du soleil 2 x 30 cl,2.99,4.98,"['Promotions', 'Promo Epicerie', 'Promo Epicerie Salée']",Liebig,True,False,false,2.0,MONTH,600ml,[],https://courses.monoprix.fr/images-v3/0c44253f-c4a3-4340-9d37-d41e42b9d14a/f2497f06-06d9-4f53-83e6-fd6e7d055a08/300x300.jpg
Epicerie Salée,ba2ed561-0158-4b67-a8e4-8b3f54ad3823,MPX_3392181,Maggi Bouillon BIO Légumes 80g,2.69,33.63,"['Nos recettes', 'Recettes du Monde', '& Ceviche de Dorade Polenta']",MAGGI,True,False,false,2.0,MONTH,80g,['Produit bio'],https://courses.monoprix.fr/images-v3/0c44253f-c4a3-4340-9d37-d41e42b9d14a/0540645a-dd0d-4da5-a6a1-3394a721e1eb/300x300.jpg
Epicerie Salée,e1496cc8-3f9f-4c84-be71-6c8c43c254ce,MPX_1772854,Kühne Oignons frits boîte 100g,1.85,18.5,"['Nos sélections', 'Inspiration du moment', '& Barbecue', 'Epicerie salée']",Kuhne,True,False,false,2.0,MONTH,100g,['Produit vegan'],https://courses.monoprix.fr/images-v3/0c44253f-c4a3-4340-9d37-d41e42b9d14a/9d7c8b69-36fa-40a7-b0dc-2c13e35ecaf9/300x300.jpg
Epicerie Salée,f800c424-b3e0-4f89-8105-06e37a7db0a0,MPX_1666234,"Tanoshi Pois wasabi, apéritif japonais 100g",2.69,26.9,"['Produits du monde', 'Asie 亚洲', 'Chips, Produits apéritifs et Condiments']",Tanoshi,True,False,false,2.0,MONTH,100g,[],https://courses.monoprix.fr/images-v3/0c44253f-c4a3-4340-9d37-d41e42b9d14a/0e139963-4f2f-4fef-ad7b-3b97e2e5133f/300x300.jpg
Epicerie Salée,73da215f-17a2-4925-8eeb-585f389206a4,MPX_2336644,Barilla sauce tomates arrabbiata 400g,1.95,4.88,"['Promotions', 'Les promos à ne pas manquer', 'Le 2ème à moins 50%']",Barilla,True,False,false,6.0,MONTH,400g,[],https://courses.monoprix.fr/images-v3/0c44253f-c4a3-4340-9d37-d41e42b9d14a/f17ec250-1cb7-4f79-9af1-83b972358a60/300x300.jpg
Epicerie Salée,70f249b2-6165-4ff7-b709-135256d6a7bf,MPX_145069,Blini Tarama aux œufs de cabillaud 100g,1.59,15.9,"['Epicerie Salée', 'Produit apéritif', 'Tartinable et Produit de la Mer', 'Houmous et Tarama']",Blini,True,False,false,1.0,WEEK,100g,[],https://courses.monoprix.fr/images-v3/0c44253f-c4a3-4340-9d37-d41e42b9d14a/8fe9fe58-e803-4bfc-9f95-cff6e3cbf837/300x300.jpg
Epicerie Salée,335231dc-582b-4138-9f63-1a8d5d03f8c1,MPX_1512619,Connétable Thon Blanc Au Naturel 120G,5.45,45.42,"['Epicerie Salée', 'Conserve', 'Conserve de poisson', 'Thon au naturel en conserve']",Connetable,True,False,false,1.0,YEAR,120g,[],https://courses.monoprix.fr/images-v3/0c44253f-c4a3-4340-9d37-d41e42b9d14a/85b2980b-0b7e-4f45-ac8b-4462df6547cb/300x300.jpg
Epicerie Salée,06ece4fd-371a-4922-8624-3b29f5fd25ba,MPX_1398446,Barilla pates spaghetti au blé complet integrale 500g,1.75,3.5,"['Epicerie Salée', 'Pâte, Riz, Céréale et Purée', 'Pâtes', 'Pâtes longues']",Barilla,True,False,false,6.0,MONTH,500g,[],https://courses.monoprix.fr/images-v3/0c44253f-c4a3-4340-9d37-d41e42b9d14a/9636bae8-4efe-4508-b874-1e4afc576520/300x300.jpg
Epicerie Salée,5672df49-7070-4943-81d9-7c7b487b3138,MPX_2321622,Barilla sauce tomates provencale 400g,1.99,4.98,"['Promotions', 'Les promos à ne pas manquer', 'Le 2ème à moins 50%']",Barilla,True,False,false,6.0,MONTH,400g,[],https://courses.monoprix.fr/images-v3/0c44253f-c4a3-4340-9d37-d41e42b9d14a/5c171dc2-bbf2-422c-8a2b-7c4d91791685/300x300.jpg
Epicerie Salée,fb437188-9094-4e00-b9ca-84cfbb63168b,MPX_3379564,"Cassegrain Petits Pois, Tendres Et Fondants 280G",2.19,7.82,"['Promotions', 'Les promos à ne pas manquer', 'Le 2ème à moins 50%']",Cassegrain,True,False,false,1.0,YEAR,280g,['Produit vegan'],https://courses.monoprix.fr/images-v3/0c44253f-c4a3-4340-9d37-d41e42b9d14a/06d218b6-3f1a-40ac-bd62-4e4b7a818a71/300x300.jpg
Epicerie Salée,8da3c08d-602d-4e55-962a-953838d05b56,MPX_1398450,Barilla pates penne rigate au blé complet integrale 500g,1.75,3.5,"['Epicerie Salée', 'Pâte, Riz, Céréale et Purée', 'Pâtes', 'Pâtes courtes']",Barilla,True,False,false,6.0,MONTH,500g,[],https://courses.monoprix.fr/images-v3/0c44253f-c4a3-4340-9d37-d41e42b9d14a/0e2000e2-a348-4605-be36-d2e90bbfc138/300x300.jpg
Epicerie Salée,ef157d43-5c60-4e4f-b964-b5c009771123,MPX_3537828,L'Atelier Blini Olives Vertes Et Noires Ail & Herbes De Provence Bio 150G,4.59,30.6,"['Fruits & Légumes', 'Prêts à consommer', 'Olives et Tapenades']",Atelier Blini,True,False,false,2.0,WEEK,150g,['Produit bio'],https://courses.monoprix.fr/images-v3/0c44253f-c4a3-4340-9d37-d41e42b9d14a/8111c1ef-aa0d-4dfb-9419-94deb5ff54da/300x300.jpg
Epicerie Salée,99a7614a-b476-4009-98c0-10a90bab3ba9,MPX_3953854,Rummo Sauce Bolognaise 340g,4.49,13.21,"['Produits du monde', 'Italie - Italia', 'Sauces']",RUMMO,True,False,false,1.0,YEAR,340g,[],https://courses.monoprix.fr/images-v3/0c44253f-c4a3-4340-9d37-d41e42b9d14a/d96044b2-9d6d-4660-bae5-d3fcc48a174e/300x300.jpg
Epicerie Salée,9c995fa4-80dd-420c-a9e0-ede5b5f99e51,MPX_159902,Monoprix Gourmet Pâtes Coquillettes d'Alsace 250g,1.79,7.16,"['Nos régions de France', 'Grand Est', 'Alsace']",Monoprix Gourmet,True,False,false,1.0,YEAR,250g,[],https://courses.monoprix.fr/images-v3/0c44253f-c4a3-4340-9d37-d41e42b9d14a/d796512c-59c6-4313-a6b8-eaa513d81f67/300x300.jpg
Epicerie Salée,ce4584ce-c199-413a-a1a6-00de81662815,MPX_2822734,Heinz Sauce Barbecue Classic Flacon Souple 260G,2.29,8.81,"['Nos sélections', 'Inspiration du moment', '& Barbecue', 'Sauce et Assaisonnement']",Heinz,True,False,false,2.0,MONTH,260g,[],https://courses.monoprix.fr/images-v3/0c44253f-c4a3-4340-9d37-d41e42b9d14a/1580baae-7613-46ca-ae85-b788e21ef41e/300x300.jpg
Epicerie Salée,0e04f09c-0fe5-4682-8b23-257ccc8c6775,MPX_6613111,Tipiak Croûtons de Pain Croustillants Nature 75g,1.79,23.87,"['Promotions', 'Les promos à ne pas manquer', 'Promo 30% de remise immédiate']",Tipiak,True,False,false,6.0,MONTH,75g,[],https://courses.monoprix.fr/images-v3/0c44253f-c4a3-4340-9d37-d41e42b9d14a/374600af-6257-4842-af82-11270a6e9579/300x300.jpg
Epicerie Salée,422e3fa5-13d3-40d3-a7f5-00320b7c37b9,MPX_3392182,Maggi Bouillon Bio Volaille 80g,2.59,32.38,"['Nos recettes', 'Recettes Gastronomie Française', '& Poulet fermier mijoté']",MAGGI,True,False,false,2.0,MONTH,80g,['Produit bio'],https://courses.monoprix.fr/images-v3/0c44253f-c4a3-4340-9d37-d41e42b9d14a/5549aec8-cb65-4db4-8856-8fb56ee8cdd9/300x300.jpg
Epicerie Salée,ebddfd80-d00a-4bf9-bf6b-de2569cf49b8,MPX_3172462,Barilla pates coquillettes bio 500g,2.29,4.58,"['Bio', 'Epicerie salée bio', 'Pâte bio']",Barilla,True,False,false,6.0,MONTH,500g,['Produit bio'],https://courses.monoprix.fr/images-v3/0c44253f-c4a3-4340-9d37-d41e42b9d14a/d0f8a032-375a-458c-9a37-496edb71823f/300x300.jpg
Epicerie Salée,6e06804c-a774-4a0a-a4ba-5c0dfd02fb82,MPX_3306887,Knorr Bouillon de Poule Bio 6 Cubes 60g,1.95,29.55,"['Promotions', 'Promo Exclusivités Web', 'Bouillon et Fond de sauce Knorr, 50% sur le 2ème']",Knorr,True,False,false,2.0,MONTH,66g,['Produit bio'],https://courses.monoprix.fr/images-v3/0c44253f-c4a3-4340-9d37-d41e42b9d14a/2df9ceff-81b3-4ba7-a201-24884dd7d878/300x300.jpg
Epicerie Salée,600569f3-7922-4c21-9a2d-498e2f4f3109,MPX_6621866,Mutti Tomates Pelées Zéro Résidu de Pesticides 400g,1.59,6.12,"['Promotions', 'Promo Epicerie', 'Promo Epicerie Salée']",Mutti,True,False,false,1.0,YEAR,260g,['Produit vegan'],https://courses.monoprix.fr/images-v3/0c44253f-c4a3-4340-9d37-d41e42b9d14a/41959815-b4f3-43b2-97ae-052936e08784/300x300.jpg
Epicerie Salée,84dc7d77-6563-411b-a20c-6a653823dacf,MPX_2428276,Poco Loco 6 Wraps Original 370g,2.35,6.35,"['Produits du monde', 'Mexique - México', 'Tortilla et Wrap']",Poco Loco,True,False,false,1.0,MONTH,370g,"['Produit végétarien', 'Produit vegan']",https://courses.monoprix.fr/images-v3/0c44253f-c4a3-4340-9d37-d41e42b9d14a/dc655988-693a-4f9b-8201-a77ffe585f62/300x300.jpg
Epicerie Salée,92415835-67bd-4e97-8830-720191a95753,MPX_156058,Monoprix huile de colza 1L,2.69,2.69,"['Promotions', 'Promo Epicerie', 'Promo Epicerie Salée']",Monoprix,True,False,false,2.0,MONTH,1L,[],https://courses.monoprix.fr/images-v3/0c44253f-c4a3-4340-9d37-d41e42b9d14a/33614d29-dd9b-4ab3-bb8e-7463877c1e39/300x300.jpg
Epicerie Salée,08d02164-ad1d-49fd-a60a-8ca2113044ed,MPX_2414173,Barilla pâtes penne rigate sans gluten 400g,2.65,6.63,"['Epicerie Salée', 'Pâte, Riz, Céréale et Purée', 'Pâtes', 'Pâtes courtes']",Barilla,True,False,false,6.0,MONTH,400g,['Produit végétarien'],https://courses.monoprix.fr/images-v3/0c44253f-c4a3-4340-9d37-d41e42b9d14a/319756f8-c2c8-4a52-840b-37409cbd92e4/300x300.jpg
Epicerie Salée,921674cd-bd72-4076-80ca-07dc63058794,MPX_3441736,Stimula Vinaigre d'alcool blanc 1L,0.79,0.79,"['Epicerie Salée', 'Assaisonnement et Condiment', 'Vinaigre, Vinaigrette et Sauce salade', 'Vinaigre de vin et de cidre']",STIMULA,True,False,false,,,1L,[],https://courses.monoprix.fr/images-v3/0c44253f-c4a3-4340-9d37-d41e42b9d14a/3e1ddb72-938c-4004-a713-e8993fdd6684/300x300.jpg
Epicerie Salée,cfc4003a-a83f-4678-8353-6817d41e1dab,MPX_1847525,Kara Lait De Coco Fluide 200ml,1.65,8.25,"['Produits du monde', 'Asie 亚洲', 'Lait et Crème de coco']",Kara,True,False,false,1.0,MONTH,200ml,"['Produit halal', 'Produit casher']",https://courses.monoprix.fr/images-v3/0c44253f-c4a3-4340-9d37-d41e42b9d14a/b23b4fe0-edc0-4b64-9b24-0206063a7320/300x300.jpg
Epicerie Salée,0f6f6e58-1d69-4fc7-bf3c-333929fc1871,MPX_344211,Barilla sauce pesto genovese au basilic frais 190g,2.75,14.47,"['Epicerie Salée', 'Sauce et Base culinaire', 'Pesto']",Barilla,True,False,false,2.0,MONTH,190g,[],https://courses.monoprix.fr/images-v3/0c44253f-c4a3-4340-9d37-d41e42b9d14a/94343d73-de2e-4132-b8f0-141a0dee8dc2/300x300.jpg
Epicerie Salée,1551a49f-37b9-4148-b56f-cf138623e319,MPX_2339292,Rummo Pâte Fusilli n°48 500g,2.49,4.98,"['Produits du monde', 'Italie - Italia', 'Pâtes, Riz et Risotto']",Rummo,True,False,false,1.0,YEAR,500g,[],https://courses.monoprix.fr/images-v3/0c44253f-c4a3-4340-9d37-d41e42b9d14a/53655bea-828b-49cd-a509-8af45accb369/300x300.jpg
Epicerie Salée,53e614d8-ccac-4bc4-bdcb-30ae769effc4,MPX_139613,Monoprix Chair de Tomates 400g,1.19,2.98,"['Nos sélections', 'Inspiration du moment', '& Frigo vide', 'Epicerie salée']",Monoprix,True,False,false,6.0,MONTH,400g,[],https://courses.monoprix.fr/images-v3/0c44253f-c4a3-4340-9d37-d41e42b9d14a/a0c5c811-8a7d-4d03-8ae3-724c909dc63c/300x300.jpg
Epicerie Salée,957a5cc7-828d-4ff8-aaac-330d68aaf5d7,MPX_2876038,Suzi Wan Lait de Coco 200ml,1.99,9.95,"['Produits du monde', 'Asie 亚洲', 'Lait et Crème de coco']",Suziwan,True,False,false,2.0,MONTH,200ml,[],https://courses.monoprix.fr/images-v3/0c44253f-c4a3-4340-9d37-d41e42b9d14a/29204285-aa22-4fe8-9641-1883c82b9855/300x300.jpg
Epicerie Salée,7821b17d-aaec-4f12-9b0a-b90bc45dc505,MPX_2259805,Kühne Cornichons En Bocal Recette Paysanne Aigres-Doux 360G,2.99,8.31,"['Nos sélections', 'Inspiration du moment', '& Fondus de la raclette', 'Légumes Frais & Condiments']",Kühne,True,False,false,6.0,MONTH,360g,"['Produit végétarien', 'Produit vegan']",https://courses.monoprix.fr/images-v3/0c44253f-c4a3-4340-9d37-d41e42b9d14a/8493078c-f1b2-4d6c-b6f3-04b5372779c7/300x300.jpg
Epicerie Salée,8063d8cb-74a6-44b1-bc00-83e242bc9544,MPX_3835925,Monoprix Filets de Maquereaux au Naturel 176g,1.95,19.9,"['Mes marques Monoprix', 'Monoprix', 'Epicerie salée', 'Conserve et Plat Cuisiné']",Monoprix,True,False,false,1.0,YEAR,98g,[],https://courses.monoprix.fr/images-v3/0c44253f-c4a3-4340-9d37-d41e42b9d14a/45a24c38-3573-4cb7-9b5e-c21f06f8c996/300x300.jpg
Epicerie Salée,f931fd09-7a04-4b48-8f68-4a6cd6cb7e58,MPX_1681023,Maille Velours De Vinaigre Balsamique De Modène 25 Cl,4.95,19.8,"['Epicerie Salée', 'Assaisonnement et Condiment', 'Vinaigre, Vinaigrette et Sauce salade', 'Vinaigre balsamique et Xérès']",Maille,True,False,false,2.0,MONTH,250ml,[],https://courses.monoprix.fr/images-v3/0c44253f-c4a3-4340-9d37-d41e42b9d14a/e36eab26-ac0a-4903-a2a2-1266360f8474/300x300.jpg
Epicerie Salée,3e4a7d60-73bf-4d74-a6af-d16a7cf4e54a,MPX_1737267,Barilla sauce tomates basilic 200g,1.69,8.45,"['Epicerie Salée', 'Sauce et Base culinaire', 'Sauce tomate cuisinée', 'Autres']",Barilla,True,False,false,6.0,MONTH,200g,[],https://courses.monoprix.fr/images-v3/0c44253f-c4a3-4340-9d37-d41e42b9d14a/33aaab0f-dd2b-440e-862f-00a6de14cc3d/300x300.jpg
Epicerie Salée,fd62388e-c9a8-4a16-a683-25b8f7ab65ef,MPX_1351038,La Baleine Sel de mer gros iodé étui carton 1kg,0.79,0.79,"['Nos sélections', 'Inspiration du moment', '& Sélection gros formats', 'Epicerie salée et sucrée']",La baleine,True,False,false,,,1kg,[],https://courses.monoprix.fr/images-v3/0c44253f-c4a3-4340-9d37-d41e42b9d14a/ddb6b8de-9a65-418a-bca7-c54044dfdfb2/300x300.jpg
Epicerie Salée,af2ef2eb-50e0-4ad5-aa53-e3b64dd7605b,MPX_3988975,Cassegrain Ratatouille À La Provençale 660G,4.59,6.95,"['Epicerie Salée', 'Conserve', 'Conserve de légume']",Cassegrain,True,False,false,6.0,MONTH,660g,['Produit vegan'],https://courses.monoprix.fr/images-v3/0c44253f-c4a3-4340-9d37-d41e42b9d14a/f3a7c54b-2a87-4d09-a890-ee55f23452b5/300x300.jpg
Epicerie Salée,37db1879-40c8-4c2f-b63b-0dd0a440274c,MPX_3766392,Atelier blini recette fouetée au fromage frais échalotte et ciboulette 140g,3.89,27.79,"['Epicerie Salée', 'Produit apéritif', 'Tartinable et Produit de la Mer', 'Tapenade et Autre Tartinable']",Atelier blini,True,False,false,1.0,WEEK,140g,[],https://courses.monoprix.fr/images-v3/0c44253f-c4a3-4340-9d37-d41e42b9d14a/ba32ee62-6d18-4878-9a82-961841198f7b/300x300.jpg
Epicerie Salée,91beeecd-39c1-462e-8cec-540442dc97d3,MPX_1333544,Monoprix Coquillettes Prêt en 9 minutes 1kg,1.79,1.79,"['Epicerie Salée', 'Pâte, Riz, Céréale et Purée', 'Pâtes', 'Pâtes courtes']",Monoprix,True,False,false,1.0,YEAR,1kg,[],https://courses.monoprix.fr/images-v3/0c44253f-c4a3-4340-9d37-d41e42b9d14a/c8f69117-1513-446c-aaf0-3c27ed711f85/300x300.jpg
Epicerie Salée,ec764743-4cdc-423e-8860-127acb734af9,MPX_1468312,Kara Crème De Coco Onctueuse 200ml,2.15,10.75,"['Produits du monde', 'Asie 亚洲', 'Lait et Crème de coco']",Kara,True,False,false,1.0,MONTH,200ml,[],https://courses.monoprix.fr/images-v3/0c44253f-c4a3-4340-9d37-d41e42b9d14a/cea75ad6-2e37-43e8-88db-92875bf0e91f/300x300.jpg
Epicerie Salée,eb69edce-8b32-4755-a527-1b26ed244ccf,MPX_10646,Ducros Ail Semoule 60g,2.29,38.17,"['Epicerie Salée', 'Assaisonnement et Condiment', 'Epice, Sel et Poivre', 'Epice']",Ducros,True,False,false,6.0,MONTH,60g,['Produit vegan'],https://courses.monoprix.fr/images-v3/0c44253f-c4a3-4340-9d37-d41e42b9d14a/6d04ebaa-4ebe-4a61-9958-e1911138a7f7/300x300.jpg
Epicerie Salée,4d4ba45e-6f8f-4d9f-b9a8-5034a249ceb3,MPX_3955112,Bonduelle Maïs sans sucres ajoutés 3x140g,2.79,6.64,"['Epicerie Salée', 'Conserve', 'Conserve de légume', 'Maïs et Soja en conserve']",Bonduelle,True,False,false,1.0,YEAR,3 x 140g,['Produit vegan'],https://courses.monoprix.fr/images-v3/0c44253f-c4a3-4340-9d37-d41e42b9d14a/7bf1faa7-7101-4154-992b-bb980f0a3497/300x300.jpg
Epicerie Salée,96f5346e-d9ab-4ce2-a1fe-a3c20b981610,MPX_3513339,Monoprix huile d'olive vierge extra fruitée 1L,11.5,11.5,"['Nos recettes', 'Recettes de Chefs', ""& Luana Belmondo - Fregola all'Amatriciana""]",Monoprix,True,False,false,2.0,MONTH,1L,[],https://courses.monoprix.fr/images-v3/0c44253f-c4a3-4340-9d37-d41e42b9d14a/9d522ebb-a3fe-44d9-a561-39a312235468/300x300.jpg
Epicerie Salée,65c16605-d786-4c48-bc01-75a3357bb25c,MPX_3292069,Kara lait de coco light 20cl,1.75,8.75,"['Produits du monde', 'Asie 亚洲', 'Lait et Crème de coco']",Kara,True,False,false,1.0,MONTH,200ml,[],https://courses.monoprix.fr/images-v3/0c44253f-c4a3-4340-9d37-d41e42b9d14a/fda30e7e-8982-4342-8b48-f1da0341f21a/300x300.jpg
Epicerie Salée,a9b12cb4-91c2-4bb6-a672-5c33de4ad490,MPX_801688,Monoprix Haricots Blancs Cuisinés à la Tomate 250g,0.95,3.8,"['Mes marques Monoprix', 'Monoprix', 'Epicerie salée', 'Conserve et Plat Cuisiné']",Monoprix,True,False,false,1.0,YEAR,250g,[],https://courses.monoprix.fr/images-v3/0c44253f-c4a3-4340-9d37-d41e42b9d14a/4cdabd0c-3597-45b6-9d0e-7be09e60c2c2/300x300.jpg
Epicerie Salée,26415a6f-df79-40e2-a104-94bfac972718,MPX_2863236,Monoprix Gourmet Tarama Premium 180g,2.99,16.61,"['Epicerie Salée', 'Produit apéritif', 'Tartinable et Produit de la Mer', 'Houmous et Tarama']",Monoprix Gourmet,True,False,false,1.0,WEEK,180g,[],https://courses.monoprix.fr/images-v3/0c44253f-c4a3-4340-9d37-d41e42b9d14a/38bbc271-9d67-4f17-805e-5e88c777569b/300x300.jpg
Epicerie Salée,c4c42487-3f5c-46a2-8fea-bb28a9adb4a3,MPX_1819927,Petit Navire Thon Vapeur Nature 130G,2.79,21.46,"['Epicerie Salée', 'Conserve', 'Conserve de poisson', 'Thon au naturel en conserve']",Petit navire,True,False,false,1.0,YEAR,130g,[],https://courses.monoprix.fr/images-v3/0c44253f-c4a3-4340-9d37-d41e42b9d14a/9c1137a4-e6e6-46d1-894e-776086a03d77/300x300.jpg
Epicerie Salée,7bdc4fb8-c9d8-4225-9a3a-a3eea4ec9ab8,MPX_148411,Monoprix Petits Pois Extra-Fins & Jeunes Carottes À L'Etuvée 530G,1.35,2.55,"['Nos sélections', 'Inspiration du moment', 'Nos coups de coeur Origine France']",Monoprix,True,False,false,1.0,YEAR,530g,[],https://courses.monoprix.fr/images-v3/0c44253f-c4a3-4340-9d37-d41e42b9d14a/9ffece1c-8fd0-402c-ac4c-17e362c32498/300x300.jpg
Epicerie Salée,45243112-853e-4e64-85fb-9b54e0da6d55,MPX_3513342,Monoprix Bio Pur jus de citron de Sicile 250ml,2.09,8.36,"['Nos recettes', 'Recettes de Chefs', '& Fusilloni sauce moutarde']",Monoprix Bio,True,False,false,2.0,MONTH,250ml,['Produit bio'],https://courses.monoprix.fr/images-v3/0c44253f-c4a3-4340-9d37-d41e42b9d14a/59ad6658-7d9a-4cd8-9270-8d09c7b86b4d/300x300.jpg
Epicerie Salée,be82569d-c688-4a90-b13b-815b5b697549,MPX_160134,Monoprix Petits pois à l'étuvée extra-fins 560g,1.89,3.37,"['Nos sélections', 'Inspiration du moment', 'Nos coups de coeur Origine France']",Monoprix,True,False,false,1.0,YEAR,560g,[],https://courses.monoprix.fr/images-v3/0c44253f-c4a3-4340-9d37-d41e42b9d14a/dcb184aa-42d8-45d9-9521-844d7577811b/300x300.jpg
Epicerie Salée,9b9063bc-4e8f-40e9-a1f2-28cd55d54b7c,MPX_2337034,Michel et Augustin Petits beurre apéritif Comté AOP 100g,3.69,36.9,"['Epicerie Salée', 'Produit apéritif', 'Chips et Biscuit Apéritif', 'Crackers et Bretzel']",Michel et augustin,True,False,false,1.0,MONTH,100g,[],https://courses.monoprix.fr/images-v3/0c44253f-c4a3-4340-9d37-d41e42b9d14a/b43f159f-18ed-476d-96ae-13365a3a673f/300x300.jpg
Epicerie Salée,d3e9403c-7a59-4eab-924e-3f27bf60d7d5,MPX_162865,"Mamee Nouilles instantanées, saveur poulet 85 g",0.85,10.0,"['Produits du monde', 'Asie 亚洲', 'Nouilles et Vermicelles']",Mamee,True,False,false,6.0,MONTH,85g,['Produit halal'],https://courses.monoprix.fr/images-v3/0c44253f-c4a3-4340-9d37-d41e42b9d14a/1fe18313-8530-46db-a20c-481435794644/300x300.jpg
Epicerie Salée,78acd533-9d14-4527-bc9b-6ab7dfa9ccd7,MPX_1895629,Maille Mayonnaise Fine Qualité Traiteur Bocal 320g,3.29,10.28,"['Epicerie Salée', 'Sauce et Base culinaire', 'Mayonnaise, Ketchup et Autres', 'Mayonnaise']",Maille,True,False,false,1.0,MONTH,320g,[],https://courses.monoprix.fr/images-v3/0c44253f-c4a3-4340-9d37-d41e42b9d14a/dd01348d-9bc9-47a7-9491-d0c23f0af47e/300x300.jpg
Epicerie Salée,5a3978d4-3c80-462c-954c-c99524be3699,MPX_84138,Barilla pates lasagnes aux oeufs collezione 500g,2.59,5.18,"['Epicerie Salée', 'Pâte, Riz, Céréale et Purée', 'Pâtes', 'Pâtes à farcir, Pâtes à bouillon']",Barilla,True,False,false,6.0,MONTH,500g,[],https://courses.monoprix.fr/images-v3/0c44253f-c4a3-4340-9d37-d41e42b9d14a/cc32b413-9ccc-405b-9852-ff0d74894e1d/300x300.jpg
Epicerie Salée,e28e3d58-3eef-4454-9565-3b03fe20a826,MPX_6618373,Ben's Original Riz Tomate à l’Italienne Micro-Ondable 220 g,2.19,9.95,"['Epicerie Salée', 'Pâte, Riz, Céréale et Purée', 'Riz', 'Riz express']",Ben's original,True,False,false,2.0,MONTH,220g,[],https://courses.monoprix.fr/images-v3/0c44253f-c4a3-4340-9d37-d41e42b9d14a/1d563cc1-4c8c-4e6d-983a-047e4175ce34/300x300.jpg
Epicerie Salée,fcbaea47-2041-4fa7-8b9e-23576e477c1d,MPX_1111772,Monoprix Riz Thaï Naturellement Parfumé 10 Minutes 500G,1.05,2.1,"['Nos sélections', 'Inspiration du moment', '& Frigo vide', 'Epicerie salée']",Monoprix,True,False,false,6.0,MONTH,500g,[],https://courses.monoprix.fr/images-v3/0c44253f-c4a3-4340-9d37-d41e42b9d14a/aa0e8e71-45c5-4793-992b-9dce029283e1/300x300.jpg
Epicerie Salée,e98e0563-95c1-447c-a55a-014ba8987501,MPX_1558266,Tyrrell's Chips de pomme de terre sel et poivre 150g,3.95,26.33,"['Epicerie Salée', 'Produit apéritif', 'Chips et Biscuit Apéritif', 'Chips']",Tyrrell's,True,False,false,2.0,MONTH,150g,[],https://courses.monoprix.fr/images-v3/0c44253f-c4a3-4340-9d37-d41e42b9d14a/ee9c1c84-abee-4dec-ac8c-51ea7f515691/300x300.jpg
Epicerie Salée,2f8671a5-4091-48b9-a9db-d1588674e209,MPX_84132,Barilla pates penne rigate 500g,1.29,2.58,"['Epicerie Salée', 'Pâte, Riz, Céréale et Purée', 'Pâtes', 'Pâtes courtes']",Barilla,True,False,false,6.0,MONTH,500g,[],https://courses.monoprix.fr/images-v3/0c44253f-c4a3-4340-9d37-d41e42b9d14a/ff6a9006-8077-4f72-b2c4-034e8cca791e/300x300.jpg
Epicerie Salée,dd624934-7733-4491-abe7-9f1dfcaff0ab,MPX_3093879,Conserverie Parmentier Sardines à L'Huile d'Olive Vierge Extra 135g,2.15,22.63,"['Epicerie Salée', 'Conserve', 'Conserve de poisson', 'Sardine en conserve']",Parmentier,True,False,false,1.0,YEAR,95g,[],https://courses.monoprix.fr/images-v3/0c44253f-c4a3-4340-9d37-d41e42b9d14a/11f8f7e8-c861-4c54-b51c-75b7d52bbcb8/300x300.jpg
Epicerie Salée,be3c6600-b5ac-4114-b0b7-07f602e4a57e,MPX_1863643,Old El Paso Kit Pour Fajitas Saveur Original Barbecue 500g,6.49,12.98,"['Produits du monde', 'Mexique - México', 'Kit Tacos, Fajitas et Burritos']",OLD EL PASO,True,False,false,2.0,MONTH,500g,['Produit vegan'],https://courses.monoprix.fr/images-v3/0c44253f-c4a3-4340-9d37-d41e42b9d14a/23bae0eb-f60a-4ca2-965f-522aa07a5920/300x300.jpg
Epicerie Salée,a8fbdd2f-b4b1-4a57-8afc-64aab5d6182d,MPX_6679587,Doritos goût Nachos Cheese 160g,2.69,16.81,"['Epicerie Salée', 'Produit apéritif', 'Chips et Biscuit Apéritif', 'Chips']",Doritos,True,False,false,1.0,MONTH,160g,[],https://courses.monoprix.fr/images-v3/0c44253f-c4a3-4340-9d37-d41e42b9d14a/a02b4687-0574-4da3-aea9-13e8f650c96b/300x300.jpg
Epicerie Salée,7fa167ad-8f87-4883-a76e-804f9b62396a,MPX_1037124,Seeberger Noix De Cajou Naturelle 200G,5.99,29.95,"['Epicerie Sucrée', 'Céréale et Barre', 'Fruits Secs et Graines', 'Amandes, Noix et Autres Fruits à Coques']",Seeberger,True,False,false,2.0,MONTH,200g,[],https://courses.monoprix.fr/images-v3/0c44253f-c4a3-4340-9d37-d41e42b9d14a/039b2004-f0e8-46b8-a407-609769eeadfa/300x300.jpg
Epicerie Salée,f4ba3ea9-74db-49a9-af29-2ff373fae178,MPX_2133913,Atelier Blini Blinis Frais Au Blé Tendre 135G,2.29,16.96,"['Pain et Viennoiserie', 'Toast, Canapé et Blini', 'Blini']",Atelier Blini,True,False,false,1.0,WEEK,135g,['Produit végétarien'],https://courses.monoprix.fr/images-v3/0c44253f-c4a3-4340-9d37-d41e42b9d14a/51f3829d-9e70-4fca-8d01-e2d1858329c0/300x300.jpg
Epicerie Salée,5af30d0e-1db4-44ca-a285-ed5fd7184eef,MPX_573282,Monoprix Haricots verts très fins coupés 3 x 110g,2.39,7.24,"['Nos sélections', 'Inspiration du moment', 'Nos coups de coeur Origine France']",Monoprix,True,False,false,1.0,YEAR,3 x 110g,[],https://courses.monoprix.fr/images-v3/0c44253f-c4a3-4340-9d37-d41e42b9d14a/0c4547d9-4665-4430-b925-1abf351cea7a/300x300.jpg
Epicerie Salée,8b3bd514-7b8b-42a5-bc1b-716018cfdf5c,MPX_3255838,Petti Purée de Tomates Extra-fine Bio 500g,3.09,6.18,"['Epicerie Salée', 'Sauce et Base culinaire', 'Concentré, Coulis et Purée']",Petti,True,False,false,6.0,MONTH,500g,['Produit bio'],https://courses.monoprix.fr/images-v3/0c44253f-c4a3-4340-9d37-d41e42b9d14a/b18ce2c4-7f90-4913-8719-a21d50003c2c/300x300.jpg
Epicerie Salée,e55f8d07-cca2-4ed4-95cf-a733142ecd97,MPX_162538,Connétable Sardines À L'Ancinenne À L'Huile D'Olive Vierge Extra 87G,2.99,34.37,"['Epicerie Salée', 'Conserve', 'Conserve de poisson', 'Sardine en conserve']",Connétable,True,False,false,1.0,YEAR,87g,[],https://courses.monoprix.fr/images-v3/0c44253f-c4a3-4340-9d37-d41e42b9d14a/ae18331b-041d-4a8f-8b0f-f103d0c1b8f0/300x300.jpg
Epicerie Salée,1f4e0218-7a74-47e1-8969-98f662ba48cb,MPX_3885667,Garofalo Mafalda Corta 500g,2.99,5.98,"['Epicerie Salée', 'Pâte, Riz, Céréale et Purée', 'Pâtes', 'Pâtes courtes']",Garofalo,True,False,false,1.0,YEAR,500g,[],https://courses.monoprix.fr/images-v3/0c44253f-c4a3-4340-9d37-d41e42b9d14a/17054933-fb52-4df5-92f0-9e47929ff742/300x300.jpg
Epicerie Salée,0c77c834-c1ee-44bb-a122-b96da2221a67,MPX_2495878,Bonduelle Haricots Rouges Façon Chili 400g,1.85,4.63,"['Epicerie Salée', 'Conserve', 'Conserve de légume', 'Haricot et Flageolet en conserve']",Bonduelle,True,False,false,1.0,YEAR,400g,['Produit vegan'],https://courses.monoprix.fr/images-v3/0c44253f-c4a3-4340-9d37-d41e42b9d14a/9f1da381-9dfc-4866-9aa5-e9827c095278/300x300.jpg
Epicerie Salée,7092fe77-2213-4a9c-ba5d-264cdd6ff676,MPX_6644977,Monoprix jus de citron de Sicile 200ml,0.99,4.95,"['Epicerie Salée', 'Assaisonnement et Condiment', 'Vinaigre, Vinaigrette et Sauce salade', 'Jus de citron']",Monoprix,True,False,false,2.0,MONTH,200ml,[],https://courses.monoprix.fr/images-v3/0c44253f-c4a3-4340-9d37-d41e42b9d14a/d79d4ba3-5819-432e-b9af-f4863210b3cf/300x300.jpg
Epicerie Salée,1bea64b6-cd69-49f0-98af-9c54a212ed9b,MPX_3550874,Monoprix Bio Haricots Rouges Bio 250g,2.55,10.2,"['Produits du monde', 'Mexique - México', 'Sauces et Accompagnements']",Monoprix Bio,True,False,false,1.0,YEAR,250g,['Produit bio'],https://courses.monoprix.fr/images-v3/0c44253f-c4a3-4340-9d37-d41e42b9d14a/f1a3f495-b854-45ab-ae02-7293fff8fa84/300x300.jpg
Epicerie Salée,a9907642-7883-4c20-8058-0b5ebf9252a9,MPX_4003997,Bonduelle Haricots Verts Extra fin 4/4 440g,2.79,6.34,"['Epicerie Salée', 'Conserve', 'Conserve de légume', 'Haricot et Flageolet en conserve']",Bonduelle,True,False,false,1.0,YEAR,440g,"['Produit végétarien', 'Produit vegan']",https://courses.monoprix.fr/images-v3/0c44253f-c4a3-4340-9d37-d41e42b9d14a/8b814d8f-5a99-4c42-b5f3-054dc0379faa/300x300.jpg
Epicerie Salée,131d8b55-becf-4f44-b563-5af7ab6fcb15,MPX_152289,Barilla pates maccheroni 500g,1.29,2.58,"['Epicerie Salée', 'Pâte, Riz, Céréale et Purée', 'Pâtes', 'Pâtes courtes']",Barilla,True,False,false,2.0,MONTH,500g,['Produit végétarien'],https://courses.monoprix.fr/images-v3/0c44253f-c4a3-4340-9d37-d41e42b9d14a/0056aec8-b957-4a07-bf02-20c55ae0914c/300x300.jpg
Epicerie Salée,860e0f41-deee-40b5-94d6-703a9e4ceb59,MPX_162532,Thon Albacore À L'Huile D'Olive Le Savoureux 80G,2.45,47.12,"['Epicerie Salée', 'Conserve', 'Conserve de poisson', 'Thon aromatisé en conserve']",Le savoureux,True,False,false,1.0,YEAR,52g,[],https://courses.monoprix.fr/images-v3/0c44253f-c4a3-4340-9d37-d41e42b9d14a/dfa36cd0-7685-492e-9f9d-367992b4972b/300x300.jpg
Epicerie Salée,3619b956-6e21-492e-bbba-f2b5dd5f952e,MPX_4196142,Rummo Le Legendarie Paccherotti RIgati 500g,2.99,5.98,"['Nos sélections', 'Inspiration du moment', '& Les produits méditerranéens', 'Epicerie salée']",Rummo,True,False,false,1.0,YEAR,500g,[],https://courses.monoprix.fr/images-v3/0c44253f-c4a3-4340-9d37-d41e42b9d14a/7eac150c-70ae-49d9-a1e5-5ac3a2fd4ee1/300x300.jpg
Epicerie Salée,fe73be5d-0187-4c55-9214-4f6c9d2b5e8d,MPX_877640,Monoprix Champignons de Paris Entiers 230g,1.79,7.78,"['Nos recettes', 'Recettes de Chefs', '& Fusilloni sauce moutarde']",Monoprix,True,False,false,1.0,YEAR,230g,[],https://courses.monoprix.fr/images-v3/0c44253f-c4a3-4340-9d37-d41e42b9d14a/018d6765-cc94-4da0-8a1a-46cea106a17a/300x300.jpg
Epicerie Salée,0b6f7970-7b38-4cc6-8f5d-fdcf395212a5,MPX_3988988,CasseGrain Lentilles Préparés 460g,3.45,7.5,"['Epicerie Salée', 'Conserve', 'Conserve de légume', 'Autres']",Cassegrain,True,False,false,1.0,YEAR,460g,[],https://courses.monoprix.fr/images-v3/0c44253f-c4a3-4340-9d37-d41e42b9d14a/60cc4fe0-4fd7-40d3-ac82-866f79804cc4/300x300.jpg
Epicerie Salée,7667f68f-4368-49dc-a5b6-da497cf4fb6d,MPX_1455026,Monoprix Tzatziki 175g,1.49,8.51,"['Epicerie Salée', 'Produit apéritif', 'Tartinable et Produit de la Mer', 'Tapenade et Autre Tartinable']",Monoprix,True,False,false,1.0,WEEK,175g,[],https://courses.monoprix.fr/images-v3/0c44253f-c4a3-4340-9d37-d41e42b9d14a/c0381931-717a-4f96-a163-d0758ef9b1c7/300x300.jpg
Epicerie Salée,9af78c83-8d00-48c5-b155-ec7cd536a77a,MPX_2275304,L'Atelier Blini Tzatziki extra 175g,3.99,22.8,"['Epicerie Salée', 'Produit apéritif', 'Tartinable et Produit de la Mer', 'Tapenade et Autre Tartinable']",Atelier blini,True,False,false,1.0,WEEK,175g,[],https://courses.monoprix.fr/images-v3/0c44253f-c4a3-4340-9d37-d41e42b9d14a/691ee812-f953-4291-85be-09e0dd09457d/300x300.jpg
Epicerie Salée,31022c94-041d-430a-8365-834459a5f11e,MPX_2260765,Monoprix Bio Haricots Verts Extra-Fins Coupés 185G,2.39,12.92,"['Bio', 'Epicerie salée bio', 'Conserve bio']",Monoprix Bio,True,False,false,1.0,YEAR,185g,['Produit bio'],https://courses.monoprix.fr/images-v3/0c44253f-c4a3-4340-9d37-d41e42b9d14a/88bb5057-c66e-47d1-8600-93765010248d/300x300.jpg
Epicerie Salée,461afe81-d14e-4057-b542-470df29610c8,MPX_3254946,Petti Purée De Tomates Datterini Bio 350G,2.59,7.4,"['Nos sélections', 'Inspiration du moment', '& Tout pour faire sa pizza', 'Huile et Condiment']",Petti,True,False,false,6.0,MONTH,350g,['Produit bio'],https://courses.monoprix.fr/images-v3/0c44253f-c4a3-4340-9d37-d41e42b9d14a/8792c413-6d6b-4a57-9a36-5237b548ce25/300x300.jpg
Epicerie Salée,b204d490-01a1-4a0e-8c0c-978568296619,MPX_2222139,Monoprix Bio petits pois Extra Fins 230g,2.55,11.09,"['Bio', 'Epicerie salée bio', 'Conserve bio']",Monoprix Bio,True,False,false,1.0,YEAR,230g,['Produit bio'],https://courses.monoprix.fr/images-v3/0c44253f-c4a3-4340-9d37-d41e42b9d14a/ee987a22-5bc9-4361-9671-713cdf7891fd/300x300.jpg
Epicerie Salée,add1a528-9aae-4f9a-83e9-067c98ca97dc,MPX_3380258,Monoprix Cacahuètes grillées à sec 150g,0.99,6.6,"['Epicerie Salée', 'Produit apéritif', 'Cacahuète, Noix, Amande et Pistache', 'Cacahuète']",Monoprix,True,False,false,2.0,MONTH,150g,[],https://courses.monoprix.fr/images-v3/0c44253f-c4a3-4340-9d37-d41e42b9d14a/b8549587-965b-4172-ac67-97d408da3f1b/300x300.jpg
Epicerie Salée,da85c619-3dfd-442d-bf63-3546f2f36190,MPX_5313189,Monoprix Moutarde de Dijon 280g,1.69,6.04,"['Nos recettes', 'Recettes Végétariennes', '& Salade Kale, grenade et yaourt grec fouetté']",Monoprix,True,False,false,2.0,MONTH,280g,[],https://courses.monoprix.fr/images-v3/0c44253f-c4a3-4340-9d37-d41e42b9d14a/a1a666dc-66a3-46ba-9b8a-e79e486ec6f6/300x300.jpg
Epicerie Salée,a694d8b6-dbb2-42be-bf9e-2d82193515c9,MPX_2264788,"Tipiak Blé Tendres Perles Prêt en 5min Sachets Cuisson x2, 350g",2.49,7.11,"['Epicerie Salée', 'Pâte, Riz, Céréale et Purée', 'Blé, Semoule et Céréales', 'Blé et Semoule']",Tipiak,True,False,false,2.0,MONTH,350g,"['Produit halal', 'Produit vegan', 'Produit casher']",https://courses.monoprix.fr/images-v3/0c44253f-c4a3-4340-9d37-d41e42b9d14a/1690f7b7-79ed-4a5e-8f95-b7c770fba35d/300x300.jpg
Epicerie Salée,05a17911-6183-4664-8095-bfedffd039cd,MPX_2396488,L'atelier Blini Olives à l'Andalouse Lupin Piment Jalapeno & Romarin  150g,3.39,22.6,"['Fruits & Légumes', 'Prêts à consommer', 'Olives et Tapenades']",Atelier blini,True,False,false,2.0,WEEK,150g,[],https://courses.monoprix.fr/images-v3/0c44253f-c4a3-4340-9d37-d41e42b9d14a/f03a87be-df94-496d-a9f7-ea7839d0d454/300x300.jpg
Epicerie Salée,be25c479-7f9e-41e6-84f0-136be650cf56,MPX_76413,Maille Vinaigre Balsamique De Modène 50cl,4.99,9.98,"['Epicerie Salée', 'Assaisonnement et Condiment', 'Vinaigre, Vinaigrette et Sauce salade', 'Vinaigre balsamique et Xérès']",Maille,True,False,false,2.0,MONTH,500ml,[],https://courses.monoprix.fr/images-v3/0c44253f-c4a3-4340-9d37-d41e42b9d14a/dc1c04f8-da66-49a9-8163-58f455306059/300x300.jpg
Epicerie Salée,10a6ed3e-758a-4f22-8b17-c7738b6aae89,MPX_1444640,Ancel Mini Bretzels d'Alsace 100g,0.89,8.9,"['Epicerie Salée', 'Produit apéritif', 'Chips et Biscuit Apéritif', 'Crackers et Bretzel']",Ancel,True,False,false,1.0,MONTH,100g,[],https://courses.monoprix.fr/images-v3/0c44253f-c4a3-4340-9d37-d41e42b9d14a/6104edc2-4588-469d-811d-8b42dae077e6/300x300.jpg
Epicerie Salée,c0918c97-4a38-4080-aa2d-626395ca1d0e,MPX_3292743,Tipiak Couscous Parfumé Aux Epices Du Monde 510G,3.19,6.25,"['Nos sélections', 'Inspiration du moment', '& Barbecue', 'Epicerie salée']",Tipiak,True,False,false,2.0,MONTH,510g,"['Produit halal', 'Produit vegan', 'Produit casher']",https://courses.monoprix.fr/images-v3/0c44253f-c4a3-4340-9d37-d41e42b9d14a/01b2f54b-2969-4dae-821b-5a99cbdffce3/300x300.jpg
Epicerie Salée,bdda31c0-1595-4aca-9bd1-f01600d1cc16,MPX_160884,Barilla sauce bolognaise 400g,3.19,7.98,"['Epicerie Salée', 'Sauce et Base culinaire', 'Sauce tomate cuisinée', 'Sauce bolognaise']",Barilla,True,False,false,6.0,MONTH,400g,[],https://courses.monoprix.fr/images-v3/0c44253f-c4a3-4340-9d37-d41e42b9d14a/9b3979c0-0d33-476f-abbc-86ef4240fdbc/300x300.jpg
Epicerie Salée,443e57b9-4d8f-4537-865b-08a477091b46,MPX_1118513,Monoprix Pétales soufflés et croquants 75g,0.95,12.67,"['Epicerie Salée', 'Produit apéritif', 'Chips et Biscuit Apéritif', 'Soufflé et Croustillant']",Monoprix,True,False,false,2.0,MONTH,75g,[],https://courses.monoprix.fr/images-v3/0c44253f-c4a3-4340-9d37-d41e42b9d14a/1505b912-bd81-4f4a-8f66-c4cd7d4773d6/300x300.jpg
Epicerie Salée,db2e5f1b-c799-47ac-b59c-0112ecc621d1,MPX_897102,Monoprix Cornichons extra-fins croquants au vinaigre 360g,2.19,6.08,"['Nos sélections', 'Inspiration du moment', '& Fondus de la raclette', 'Légumes Frais & Condiments']",Monoprix,True,False,false,1.0,YEAR,360g,[],https://courses.monoprix.fr/images-v3/0c44253f-c4a3-4340-9d37-d41e42b9d14a/46dae9c2-030a-4e4c-bbbc-b98999eb60b9/300x300.jpg
Epicerie Salée,1cb2e6c0-ae66-4e74-8ae6-f58df2b6e6e8,MPX_1677300,Curly à la cacahuète 60g,0.79,13.17,"['Epicerie Salée', 'Produit apéritif', 'Chips et Biscuit Apéritif', 'Soufflé et Croustillant']",Curly,True,False,false,2.0,MONTH,60g,['Produit végétarien'],https://courses.monoprix.fr/images-v3/0c44253f-c4a3-4340-9d37-d41e42b9d14a/012b920e-8ef2-417e-86cf-3a051ee97d01/300x300.jpg
Epicerie Salée,4283c7a1-ed50-4390-abd6-9b978256b0b9,MPX_10631,Cassegrain Flageolets Extra-Fins Oignons & Carottes 130g,1.45,11.15,"['Epicerie Salée', 'Conserve', 'Conserve de légume', 'Haricot et Flageolet en conserve']",Cassegrain,True,False,false,1.0,YEAR,130g,[],https://courses.monoprix.fr/images-v3/0c44253f-c4a3-4340-9d37-d41e42b9d14a/831beb0b-7997-4e44-b092-56c734dd9599/300x300.jpg
Epicerie Salée,825b07f8-ff20-423b-9752-072319cf9fc9,MPX_5114875,Lay's - Chips paysanne nature - Le sachet format familial de 295g,2.95,10.0,"['Epicerie Salée', 'Produit apéritif', 'Chips et Biscuit Apéritif', 'Chips']",Lay's,True,False,false,1.0,MONTH,295g,[],https://courses.monoprix.fr/images-v3/0c44253f-c4a3-4340-9d37-d41e42b9d14a/f914d66a-0e8b-47c4-b26b-4b5ea181f043/300x300.jpg
Epicerie Salée,5d6ef164-c557-42ba-aed3-cf854a8f6a69,MPX_343134,Monoprix Bio Vinaigre de cidre 50cl,1.99,3.98,"['Nos sélections', 'Inspiration du moment', 'Nos coups de coeur Origine France']",Monoprix Bio,True,False,false,,,500ml,['Produit bio'],https://courses.monoprix.fr/images-v3/0c44253f-c4a3-4340-9d37-d41e42b9d14a/ba77c80b-3b80-42da-8915-bd370be7c30f/300x300.jpg
Epicerie Salée,38af7156-f810-4583-9b78-b1c640c00926,MPX_1260305,Monoprix Gourmet Tomates séchées 125g,4.25,34.0,"['Epicerie Salée', 'Produit apéritif', 'Olive et Légume mariné', 'Légume mariné']",Monoprix Gourmet,True,False,false,6.0,MONTH,125g,[],https://courses.monoprix.fr/images-v3/0c44253f-c4a3-4340-9d37-d41e42b9d14a/0aa65fec-076f-4e9e-ad83-d9b3b7419449/300x300.jpg
Epicerie Salée,65b9a9f1-7cac-4aca-8578-5ad1995bc6bb,MPX_148136,Monoprix Haricots Verts Extra-Fins 220G,0.95,4.32,"['Mes marques Monoprix', 'Ça vaut le coût !']",Monoprix,True,False,false,1.0,YEAR,220g,[],https://courses.monoprix.fr/images-v3/0c44253f-c4a3-4340-9d37-d41e42b9d14a/a04f651d-ff2a-40ae-9691-075fcab03df6/300x300.jpg
Epicerie Salée,e99b14b0-fdc2-4e9f-aa61-c34537d400e1,MPX_1250042,Monoprix Nouilles Recette Asiatique aux Oeufs 250g,1.39,5.56,"['Produits du monde', 'Asie 亚洲', 'Nouilles et Vermicelles']",Monoprix,True,False,false,6.0,MONTH,250g,[],https://courses.monoprix.fr/images-v3/0c44253f-c4a3-4340-9d37-d41e42b9d14a/20d8d24b-a5cb-4c04-bd7c-9b70d14a7322/300x300.jpg
Epicerie Salée,cfd2d5f4-e42a-47b4-b911-ca3c4bb85506,MPX_3379566,Cassegrain aubergines cuisinées à la provençale à l'huile d'olives extra vierge 375g,3.49,9.31,"['Epicerie Salée', 'Conserve', 'Conserve de légume', 'Autres']",Cassegrain,True,False,false,6.0,MONTH,375g,['Produit vegan'],https://courses.monoprix.fr/images-v3/0c44253f-c4a3-4340-9d37-d41e42b9d14a/90012050-f818-454d-9a51-f4092867d87c/300x300.jpg
Epicerie Salée,bfe47695-d1e7-4040-8342-77a9698f665d,MPX_2480894,Tipiak Couscous Sachets Cuisson X5 500G,1.89,3.78,"['Nos sélections', 'Boutique Enfants', 'Repas facile pour les enfants', 'Repas']",Tipiak,True,False,false,6.0,MONTH,500g,"['Produit halal', 'Produit vegan', 'Produit casher']",https://courses.monoprix.fr/images-v3/0c44253f-c4a3-4340-9d37-d41e42b9d14a/b5bcb09a-8a55-4733-bc85-3f293c3ecf4f/300x300.jpg
Epicerie Salée,86f51b32-5d4b-416f-9a19-bba4dc9a984b,MPX_3611425,Monoprix Sardines au Naturel Pavillon France 115g,1.69,20.86,"['Mes marques Monoprix', 'Monoprix', 'Epicerie salée', 'Conserve et Plat Cuisiné']",Monoprix,True,False,false,1.0,YEAR,81g,[],https://courses.monoprix.fr/images-v3/0c44253f-c4a3-4340-9d37-d41e42b9d14a/17b779ce-3f0f-4d2c-8023-116e337e75ce/300x300.jpg
Epicerie Salée,160cef5f-b28a-4b5d-a902-df0575a67f76,MPX_3753705,Bonduelle Champignon Émincé Sans Sulfite 230G,1.75,7.61,"['Epicerie Salée', 'Conserve', 'Conserve de légume', 'Champignon en conserve']",Bonduelle,True,False,false,6.0,MONTH,230g,['Produit vegan'],https://courses.monoprix.fr/images-v3/0c44253f-c4a3-4340-9d37-d41e42b9d14a/1cfa6c04-68f8-4f12-a24c-e70bc8dff285/300x300.jpg
Epicerie Salée,46214f7f-a0c7-40b3-a4c9-4df7cdd817fd,MPX_3174928,Monoprix Bio Guacamole doux bio 180 g,4.99,27.72,"['Produits du monde', 'Mexique - México', 'Produits apéritifs']",Monoprix Bio,True,False,false,1.0,WEEK,180g,['Produit bio'],https://courses.monoprix.fr/images-v3/0c44253f-c4a3-4340-9d37-d41e42b9d14a/84ad074e-f0d1-442a-8d0b-6eb35932078a/300x300.jpg
Epicerie Salée,25d83142-2838-4bc1-b7be-82c2b4172a7e,MPX_4200425,Florelli riz arborio spécial risotto 500g,2.75,5.5,"['Nos recettes', 'Recettes du Monde', '& Risotto aux cèpes']",Florelli,True,False,false,2.0,MONTH,500g,[],https://courses.monoprix.fr/images-v3/0c44253f-c4a3-4340-9d37-d41e42b9d14a/9e97d640-9c60-4f91-a39e-781a5999c3ba/300x300.jpg
Epicerie Salée,5149fc68-c09d-41a8-b0d0-cbc6f2f320e9,MPX_1171278,Monoprix Bio Riz Long Blanc 500G,2.49,4.98,"['Epicerie Salée', 'Pâte, Riz, Céréale et Purée', 'Pâte, Riz, Purée et Légume sec bio']",Monoprix Bio,True,False,false,6.0,MONTH,500g,['Produit bio'],https://courses.monoprix.fr/images-v3/0c44253f-c4a3-4340-9d37-d41e42b9d14a/dcde6fdf-3700-4138-8598-1385a335d6ce/300x300.jpg
Epicerie Salée,25c2db6a-d93f-42d7-ba54-c5d48b53fb6a,MPX_2664725,Michel et Augustin Sablés apéritif Beaufort AOP 100g,3.59,35.9,"['Epicerie Salée', 'Produit apéritif', 'Chips et Biscuit Apéritif', 'Crackers et Bretzel']",Michel et augustin,True,False,false,1.0,MONTH,100g,[],https://courses.monoprix.fr/images-v3/0c44253f-c4a3-4340-9d37-d41e42b9d14a/df144cc9-88d2-488d-bac0-15fc41ca3acc/300x300.jpg
Epicerie Salée,fa87659f-0483-414d-a211-081071c2e1d5,MPX_2753519,"Céréal Bio Ravioli Tomates, Tofu & Basilic Sans Viande 267g",2.69,10.07,"['Régimes alimentaires', 'Vegan', 'Epicerie salée vegan']",Céréal bio,True,False,false,2.0,MONTH,267g,"['Produit vegan', 'Produit bio']",https://courses.monoprix.fr/images-v3/0c44253f-c4a3-4340-9d37-d41e42b9d14a/f9f9b1d3-95c1-4a79-b07b-dd1e867a8d13/300x300.jpg
Epicerie Salée,2f3d5325-c5e1-4610-9b5c-ccc2d9cb3860,MPX_3778249,Rana Feuille de lasagnes 250g,3.29,13.16,"['Epicerie Salée', 'Pâte, Riz, Céréale et Purée', 'Pâtes', 'Pâtes à farcir, Pâtes à bouillon']",Rana,True,False,false,1.0,WEEK,250g,[],https://courses.monoprix.fr/images-v3/0c44253f-c4a3-4340-9d37-d41e42b9d14a/a4c2ffb5-ad7a-4bc7-b924-3e6113e2ec43/300x300.jpg
Epicerie Salée,8a4df9ab-2c0b-4af1-8e8d-509bc8e7bb2b,MPX_2712060,Monoprix Bio Châtaignes entières pelées au feu 210g,6.15,29.29,"['Bio', 'Fruit et Légume bio', 'Légume frais bio']",Monoprix Bio,True,False,false,6.0,MONTH,210g,['Produit bio'],https://courses.monoprix.fr/images-v3/0c44253f-c4a3-4340-9d37-d41e42b9d14a/980522ab-d0a6-411c-bd23-dc1dd53e9305/300x300.jpg
Epicerie Salée,16b57e67-0463-4a1d-b8d9-1cc34ad84b74,MPX_4028620,Mutti Sauce Tomate Spéciale Pizza 2x210g,2.89,6.88,"['Epicerie Salée', 'Sauce et Base culinaire', 'Concentré, Coulis et Purée']",Mutti,True,False,false,1.0,YEAR,2 x 210g,[],https://courses.monoprix.fr/images-v3/0c44253f-c4a3-4340-9d37-d41e42b9d14a/afeb1828-9b1c-4f33-9c50-9b1e0633b492/300x300.jpg
Epicerie Salée,1e82b28f-b76a-4ec2-a3d2-a0a568e60860,MPX_2495877,Bonduelle Lentilles Façon Petit Salé 400g,1.75,4.38,"['Epicerie Salée', 'Conserve', 'Plat cuisiné en conserve']",Bonduelle,True,False,false,1.0,YEAR,400g,['Produit vegan'],https://courses.monoprix.fr/images-v3/0c44253f-c4a3-4340-9d37-d41e42b9d14a/9c02e1a0-a9ea-456e-9168-5c3a4a116c2b/300x300.jpg
Epicerie Salée,8cdbcca3-ea37-4142-be8d-62b5afe80e0d,MPX_2787372,"Italians Do It Better Pesto, Basilic Et Parmigiano Reggiano 135G",5.75,42.59,"['Epicerie Salée', 'Sauce et Base culinaire', 'Autres sauces culinaires']",Italians do it better,True,False,false,6.0,MONTH,135g,[],https://courses.monoprix.fr/images-v3/0c44253f-c4a3-4340-9d37-d41e42b9d14a/78b8dfa8-3aa3-4e61-a7c2-f90bdde12822/300x300.jpg
Epicerie Salée,4d1cdd6e-1db3-42ae-8303-e49f4c2a8a46,MPX_1682855,Kara Lait de Coco Fluide 500ml,3.45,6.9,"['Produits du monde', 'Asie 亚洲', 'Lait et Crème de coco']",Kara,True,False,false,1.0,MONTH,500ml,[],https://courses.monoprix.fr/images-v3/0c44253f-c4a3-4340-9d37-d41e42b9d14a/0a9bbf90-d43d-4493-be73-970f277eb4ab/300x300.jpg
Epicerie Salée,047bc854-8dee-464c-b0d7-7dd21db411a9,MPX_798483,Ebly Blé Cuisson 10 minutes 500g,2.49,4.98,"['Régimes alimentaires', 'Vegan', 'Epicerie salée vegan']",Ebly,True,False,false,1.0,YEAR,500g,[],https://courses.monoprix.fr/images-v3/0c44253f-c4a3-4340-9d37-d41e42b9d14a/8c7c787d-963e-46c2-a890-2d61734cffab/300x300.jpg
Epicerie Salée,2399382a-de87-4dab-b0b7-f6fc60f668dd,MPX_6103245,Maître Prunille Amandes grillées sans sel 250g,4.95,19.8,"['Epicerie Salée', 'Produit apéritif', 'Cacahuète, Noix, Amande et Pistache', 'Amande et Pistache']",Maître Prunille,True,False,false,2.0,MONTH,250g,[],https://courses.monoprix.fr/images-v3/0c44253f-c4a3-4340-9d37-d41e42b9d14a/55b3617d-6ef1-4f0b-82fa-926f17e79eeb/300x300.jpg
Epicerie Salée,e6177174-9e8f-4a05-a52c-150d14d77801,MPX_2379816,"Bjorg Boulghour, Quinoa Et Sésame, Bio 250G",2.45,9.8,"['Epicerie Salée', 'Pâte, Riz, Céréale et Purée', 'Pâte, Riz, Purée et Légume sec bio']",Bjorg,True,False,false,2.0,MONTH,250g,['Produit bio'],https://courses.monoprix.fr/images-v3/0c44253f-c4a3-4340-9d37-d41e42b9d14a/39afb0e0-f517-45fe-bd47-a23e0f1b70b9/300x300.jpg
Epicerie Salée,f6eb898b-4a17-4f97-bc25-e417194f100b,MPX_1250591,Heinz Haricots blancs à la sauce tomate 415g,2.39,5.76,"['Produits du monde', 'Etats-Unis - USA', 'Viandes séchées, Conserves et Sauces']",Heinz,True,False,false,2.0,MONTH,415g,[],https://courses.monoprix.fr/images-v3/0c44253f-c4a3-4340-9d37-d41e42b9d14a/c2655346-1de8-488b-85fa-74f88e652940/300x300.jpg
Epicerie Salée,a19c12f1-1dca-436c-9463-ae218d3349ab,MPX_3367000,"Tipiak Croûtons Croustillants Nature, - 25% De Sel 80g",1.85,23.13,"['Nos sélections', 'Inspiration du moment', '& Tout pour faire sa salade', 'Epicerie salée']",Tipiak,True,False,false,6.0,MONTH,80g,['Produit végétarien'],https://courses.monoprix.fr/images-v3/0c44253f-c4a3-4340-9d37-d41e42b9d14a/9d00770c-671b-4676-adb3-5f8306a032a7/300x300.jpg
Epicerie Salée,0b45df9c-cd38-4e6d-9fc8-1ff194649a41,MPX_3510987,Monoprix Pois chiches prêts à l'emploi 3x130g,1.89,4.85,"['Mes marques Monoprix', 'Monoprix', 'Epicerie salée', 'Conserve et Plat Cuisiné']",Monoprix,True,False,false,1.0,YEAR,3 x 130g,[],https://courses.monoprix.fr/images-v3/0c44253f-c4a3-4340-9d37-d41e42b9d14a/e36927c2-5e01-4fe5-8a63-926683269e6f/300x300.jpg
Epicerie Salée,ad1e5595-fd69-4209-99d7-17c2dacc6f0a,MPX_3598843,Liebig PastaSoup' Légumes et pâtes vermicelles 2x30cl,2.45,4.08,"['Nos sélections', 'Inspiration du moment', '& Tout pour une bonne soupe', 'Soupe préparée']",Liebig,True,False,false,2.0,MONTH,600ml,[],https://courses.monoprix.fr/images-v3/0c44253f-c4a3-4340-9d37-d41e42b9d14a/d6f583da-0b0a-4716-bd62-5b8c96790d6f/300x300.jpg
Epicerie Salée,01c87f0f-8555-4729-a5da-b602ab43acaa,MPX_3872650,Liebig PurSoup' Velouté de Poireaux et Pommes de terre 2x30 cl,2.55,4.25,"['Epicerie Salée', 'Soupe et Croûton', 'Soupe Liquide', 'Soupe individuelle']",Liebig,True,False,false,2.0,MONTH,600ml,[],https://courses.monoprix.fr/images-v3/0c44253f-c4a3-4340-9d37-d41e42b9d14a/e4ad113a-e5ab-4adb-9f4e-957072fb8b06/300x300.jpg
Epicerie Salée,fbd00ec4-61b8-406c-bbd9-e611252ed322,MPX_2048918,Liebig PurSoup' Velouté de potiron 1L,3.75,3.75,"['Epicerie Salée', 'Soupe et Croûton', 'Soupe Liquide', 'Soupe familiale']",Liebig,True,False,false,2.0,MONTH,1L,[],https://courses.monoprix.fr/images-v3/0c44253f-c4a3-4340-9d37-d41e42b9d14a/2f2fa059-50dc-49fd-894a-c18fdaffff6f/300x300.jpg
Epicerie Salée,d1919ed4-1cd9-4de2-8026-03504a67687b,MPX_4992111,Petti Purée De Tomates Brick 500 g,1.45,2.9,"['Epicerie Salée', 'Sauce et Base culinaire', 'Concentré, Coulis et Purée']",Petti,True,False,false,2.0,MONTH,500g,[],https://courses.monoprix.fr/images-v3/0c44253f-c4a3-4340-9d37-d41e42b9d14a/2dc70d54-c125-4343-b45d-5ce638bd7cb6/300x300.jpg
Epicerie Salée,5c914577-2e46-46c9-8a8a-ed9b9972be60,MPX_3266502,REGENT'S PARK 4 petits scones anglais 240g,4.69,19.54,"['Produits du monde', 'Royaume-Uni - UK', 'Biscuits, Confitures et Pâtes à tartiner']",Regent's park,True,False,false,1.0,WEEK,240g,[],https://courses.monoprix.fr/images-v3/0c44253f-c4a3-4340-9d37-d41e42b9d14a/8c828c24-241a-4cbf-b293-9aa3874655a4/300x300.jpg
Epicerie Salée,03b9251c-9005-4d08-b033-3f57c6852faa,MPX_3379567,Cassegrain Courgettes Cuisinées à La Provençale 375g,3.69,9.84,"['Nos sélections', 'Boutique Enfants', 'Repas facile pour les enfants', 'Repas']",Cassegrain,True,False,false,6.0,MONTH,375g,['Produit vegan'],https://courses.monoprix.fr/images-v3/0c44253f-c4a3-4340-9d37-d41e42b9d14a/f70d0988-e5be-4478-8026-7898a5ad52f4/300x300.jpg
Epicerie Salée,21c21419-8bcb-42e9-8c8b-2568f44dc104,MPX_2467984,Atelier Blini Houmous Au Citron Confit 175 G,3.95,22.57,"['Epicerie Salée', 'Produit apéritif', 'Tartinable et Produit de la Mer', 'Houmous et Tarama']",Atelier blini,True,False,false,1.0,WEEK,175g,[],https://courses.monoprix.fr/images-v3/0c44253f-c4a3-4340-9d37-d41e42b9d14a/5ae6dd34-04d0-43bd-8f5f-a5597dc65974/300x300.jpg
Epicerie Salée,a63a61fd-bfcf-447f-acea-d1753350c518,MPX_6618375,Ben's Original Riz Méditerranéenne Micro Ondable 220 g,2.19,9.95,"['Epicerie Salée', 'Pâte, Riz, Céréale et Purée', 'Riz', 'Riz express']",Ben's original,True,False,false,2.0,MONTH,220g,[],https://courses.monoprix.fr/images-v3/0c44253f-c4a3-4340-9d37-d41e42b9d14a/c8a70276-a0a6-4a2a-92a3-d737a9fc37d8/300x300.jpg
Epicerie Salée,924b626c-9652-48da-8076-3086a1a38abf,MPX_1875861,Monoprix bio tomates entières pelées 240g,1.49,6.21,"['Bio', 'Epicerie salée bio', 'Conserve bio']",Monoprix Bio,True,False,false,6.0,MONTH,240g,['Produit bio'],https://courses.monoprix.fr/images-v3/0c44253f-c4a3-4340-9d37-d41e42b9d14a/8bfa46f8-2635-420b-bda8-7e0c999972e1/300x300.jpg
Epicerie Salée,bbbd5e86-4464-4a1d-a329-ec4cf3e57ca7,MPX_1483,Cassegrain Petits Pois & Carottes Sélection Tendres & Fondants 465g,3.35,7.2,"['Epicerie Salée', 'Conserve', 'Conserve de légume', 'Petits-pois et Carotte en conserve']",Cassegrain,True,False,false,1.0,YEAR,465g,['Produit vegan'],https://courses.monoprix.fr/images-v3/0c44253f-c4a3-4340-9d37-d41e42b9d14a/d60ce4f8-cd05-4764-9584-4a5e29d4d39d/300x300.jpg
Epicerie Salée,67bd1126-4fa1-4187-ba6e-eed07b012639,MPX_3268679,Old El Paso Tortillas Extra Moelleuses Original Sans Gluten 216g,3.49,16.16,"['Produits du monde', 'Mexique - México', 'Tortilla et Wrap']",Old el Paso,True,False,false,2.0,MONTH,216g,['Produit vegan'],https://courses.monoprix.fr/images-v3/0c44253f-c4a3-4340-9d37-d41e42b9d14a/54d3def4-56db-424a-960c-9fed8155dcff/300x300.jpg
Epicerie Salée,ec8ad3e1-90ca-4240-b234-f4e543de471a,MPX_1181530,Barilla sauce pesto rosso 200g,2.99,14.95,"['Epicerie Salée', 'Sauce et Base culinaire', 'Pesto']",Barilla,True,False,false,6.0,MONTH,200g,[],https://courses.monoprix.fr/images-v3/0c44253f-c4a3-4340-9d37-d41e42b9d14a/f2a27c28-516d-4dd1-8cf6-0c1fc1151142/300x300.jpg
Epicerie Salée,9246b4eb-4b37-4979-92ad-b18c17b5794f,MPX_962397,Monoprix Noix de Cajou Grillées et Salées 125g,2.85,22.8,"['Nos sélections', 'Inspiration du moment', '& Apéro entre amis', 'Epicerie salée']",Monoprix,True,False,false,2.0,MONTH,125g,[],https://courses.monoprix.fr/images-v3/0c44253f-c4a3-4340-9d37-d41e42b9d14a/af289a49-6db1-4dc8-8e6c-8e61f38e5fb4/300x300.jpg
Epicerie Salée,0483de57-a85d-4e1f-9a2b-e9a121842fed,MPX_1334846,Monoprix Bio Huile d'Olive Vierge Extra 750ml,8.99,11.99,"['Nos recettes', 'Recettes du Monde', '& Ceviche de Dorade Polenta']",Monoprix Bio,True,False,false,2.0,MONTH,750ml,['Produit bio'],https://courses.monoprix.fr/images-v3/0c44253f-c4a3-4340-9d37-d41e42b9d14a/111c0b78-b6cb-4d81-9e63-5f2c0b4006ab/300x300.jpg
Epicerie Salée,9c7fe4f4-6f03-4bb0-ace2-5681c3df359c,MPX_3011174,Cassegrain Haricots Verts Extra-Fins Cueillis et Rangés Main 110g,1.65,15.0,"['Nos sélections', 'Nos marques du moment', 'La course aux étoiles chez Monoprix']",Cassegrain,True,False,false,1.0,YEAR,110g,['Produit vegan'],https://courses.monoprix.fr/images-v3/0c44253f-c4a3-4340-9d37-d41e42b9d14a/4e756cb3-df35-4ecd-b82b-548b6b398dfe/300x300.jpg
Epicerie Salée,48a6e084-a378-40b3-8d48-4572d35f9c1c,MPX_1258012,Barilla pates linguine collezione 500g,1.59,3.18,"['Epicerie Salée', 'Pâte, Riz, Céréale et Purée', 'Pâtes', 'Pâtes courtes']",Barilla,True,False,false,6.0,MONTH,500g,[],https://courses.monoprix.fr/images-v3/0c44253f-c4a3-4340-9d37-d41e42b9d14a/88861933-bd87-4321-a9ea-d6827d3e59ba/300x300.jpg
Epicerie Salée,9f629a7e-e948-4373-a978-d0f0fb180e79,MPX_2202739,Barilla pates penne rigate 1kg,2.39,2.39,"['Epicerie Salée', 'Pâte, Riz, Céréale et Purée', 'Pâtes', 'Pâtes courtes']",Barilla,True,False,false,6.0,MONTH,1kg,[],https://courses.monoprix.fr/images-v3/0c44253f-c4a3-4340-9d37-d41e42b9d14a/74e4732e-4b37-4351-98cf-64387479a61a/300x300.jpg
Epicerie Salée,cfc01aaf-91a3-4cf6-b19f-ab49fd9719c8,MPX_2339285,Rummo Pâte Linguine n°13 - 500g,2.49,4.98,"['Produits du monde', 'Italie - Italia', 'Pâtes, Riz et Risotto']",Rummo,True,False,false,1.0,YEAR,500g,[],https://courses.monoprix.fr/images-v3/0c44253f-c4a3-4340-9d37-d41e42b9d14a/94f0cfa8-addc-44b5-a974-bf0f962bbffa/300x300.jpg
Epicerie Salée,6fd6ce42-3df5-4c7b-8443-e85b9aae0391,MPX_3292505,Bonduelle lentilles cuites dans très peu de jus 265g,1.65,6.23,"['Nos sélections', 'Boutique Enfants', 'Repas facile pour les enfants', 'Repas']",Bonduelle,True,False,false,1.0,YEAR,265g,['Produit vegan'],https://courses.monoprix.fr/images-v3/0c44253f-c4a3-4340-9d37-d41e42b9d14a/acd06ef2-3523-4079-9c32-ac19aca038c1/300x300.jpg
Epicerie Salée,af11d3ca-df26-4c57-a19c-c7d8ec842d7a,MPX_3500277,Rummo Gnocchi Di Patate 500g,3.29,6.58,"['Produits du monde', 'Italie - Italia', 'Pâtes, Riz et Risotto']",Rummo,True,False,false,6.0,MONTH,500g,[],https://courses.monoprix.fr/images-v3/0c44253f-c4a3-4340-9d37-d41e42b9d14a/f6427f95-d6d2-4ed1-ae23-7824add14adc/300x300.jpg
Epicerie Salée,9f86c3ea-ea3a-4ff3-ae76-586700356389,MPX_2936607,Rummo Pâtes Mezzi Rigaroni n°51 500g,2.49,4.98,"['Produits du monde', 'Italie - Italia', 'Pâtes, Riz et Risotto']",Rummo,True,False,false,1.0,YEAR,500g,[],https://courses.monoprix.fr/images-v3/0c44253f-c4a3-4340-9d37-d41e42b9d14a/8e84ae23-7356-4a5c-8d24-170f7fea39d5/300x300.jpg
Epicerie Salée,7168932f-02c4-46fd-8123-8f0b62c93d9f,MPX_80082,Champignon Blanc de Paris 500g,3.5,7.0,"['Fruits & Légumes', 'Légumes Frais', 'Champignons']",Monoprix,True,False,false,1.0,DAY,500g,[],https://courses.monoprix.fr/images-v3/0c44253f-c4a3-4340-9d37-d41e42b9d14a/9fecca9b-a63c-4c24-9d02-5c84af2df590/300x300.jpg
Epicerie Salée,d411e014-e451-41b3-9a6e-4843d1c602f6,MPX_2202738,Barilla pates spaghetti n°5 1kg,2.39,2.39,"['Epicerie Salée', 'Pâte, Riz, Céréale et Purée', 'Pâtes', 'Pâtes longues']",Barilla,True,False,false,6.0,MONTH,1kg,[],https://courses.monoprix.fr/images-v3/0c44253f-c4a3-4340-9d37-d41e42b9d14a/e6918cfe-0499-46aa-bf4a-3788f603e48b/300x300.jpg
Epicerie Salée,31453c9c-ff99-4db2-8eaa-21ea6ddd1262,MPX_1776173,Tyrrell's Chips de pommes de terre au sel de mer 150g,3.15,21.0,"['Epicerie Salée', 'Produit apéritif', 'Chips et Biscuit Apéritif', 'Chips']",Tyrrell's,True,False,false,1.0,MONTH,150g,[],https://courses.monoprix.fr/images-v3/0c44253f-c4a3-4340-9d37-d41e42b9d14a/d7af0c81-4dcf-4851-98d5-14d8e510158b/300x300.jpg
Epicerie Salée,14ba3403-72a7-49ae-9899-b7d1b6ba5efd,MPX_160883,Barilla sauce tomates basilic 400g,1.99,4.98,"['Epicerie Salée', 'Sauce et Base culinaire', 'Sauce tomate cuisinée', 'Autres']",Barilla,True,False,false,6.0,MONTH,400g,[],https://courses.monoprix.fr/images-v3/0c44253f-c4a3-4340-9d37-d41e42b9d14a/07d6ee75-965a-4248-ad9d-a93838bef89a/300x300.jpg
Epicerie Salée,73cfd741-c14a-4d25-8b8e-5336a3cfa936,MPX_2351949,Barilla pates coquillettes 1kg,2.39,2.39,"['Epicerie Salée', 'Pâte, Riz, Céréale et Purée', 'Pâtes', 'Pâtes courtes']",Barilla,True,False,false,6.0,MONTH,1kg,['Produit végétarien'],https://courses.monoprix.fr/images-v3/0c44253f-c4a3-4340-9d37-d41e42b9d14a/e5ee9d7a-f850-43d3-89f9-a337b0b8bfbf/300x300.jpg
Epicerie Salée,af1bb7b3-e04c-4ee1-ade3-e17aacccd86e,MPX_5271987,Lay's - Chips paysanne nature - Le sachet de 155g,1.85,11.94,"['Epicerie Salée', 'Produit apéritif', 'Chips et Biscuit Apéritif', 'Chips']",Lay's,True,False,false,4.0,WEEK,155g,[],https://courses.monoprix.fr/images-v3/0c44253f-c4a3-4340-9d37-d41e42b9d14a/9d322531-9582-4c72-823f-ef683694795b/300x300.jpg
Epicerie Salée,43a91278-97bc-4e0e-8e35-d1a53338e9fa,MPX_1121677,Monoprix Bio Maïs Doux En Grains 285G,1.35,4.74,"['Bio', 'Epicerie salée bio', 'Conserve bio']",Monoprix Bio,True,False,false,1.0,YEAR,285g,['Produit bio'],https://courses.monoprix.fr/images-v3/0c44253f-c4a3-4340-9d37-d41e42b9d14a/7f668259-9ab9-4b00-8349-bc225340c3a7/300x300.jpg
Epicerie Salée,7f4e9d21-027c-46fb-a640-d10e1c21d06c,MPX_152290,Barilla pates torsades 500g,1.29,2.58,"['Epicerie Salée', 'Pâte, Riz, Céréale et Purée', 'Pâtes', 'Pâtes courtes']",Barilla,True,False,false,6.0,MONTH,500g,[],https://courses.monoprix.fr/images-v3/0c44253f-c4a3-4340-9d37-d41e42b9d14a/d9a0fc66-3e7d-4262-a6fc-0b55cef373d6/300x300.jpg
Epicerie Salée,b337a04a-501b-41ec-b5f8-5a5c526feeee,MPX_2836029,Monoprix Thon Albacore au Naturel 140g,2.45,17.5,"['Nos sélections', 'Inspiration du moment', '& Tout pour faire sa salade', 'Produits de la mer']",Monoprix,True,False,false,1.0,YEAR,140g,[],https://courses.monoprix.fr/images-v3/0c44253f-c4a3-4340-9d37-d41e42b9d14a/2e88b3dc-4115-438b-a72c-470a91d3c59e/300x300.jpg
Epicerie Salée,9401d5e8-b02d-40aa-8c70-b12145aa2c77,MPX_6570606,Maille l'originale moutarde fine de Dijon 360g,2.29,6.36,"['Epicerie Salée', 'Sauce et Base culinaire', 'Mayonnaise, Ketchup et Autres', 'Moutarde']",Maille,True,False,false,1.0,MONTH,360g,[],https://courses.monoprix.fr/images-v3/0c44253f-c4a3-4340-9d37-d41e42b9d14a/70294351-afc4-46e3-ae58-438617622cec/300x300.jpg
Epicerie Salée,51196608-ccfd-4762-8f1e-da78d21f98eb,MPX_150781,Monoprix Haricots Verts Extra-Fins 440g,1.89,4.3,"['Nos sélections', 'Inspiration du moment', 'Nos coups de coeur Origine France']",Monoprix,True,False,false,1.0,YEAR,440g,[],https://courses.monoprix.fr/images-v3/0c44253f-c4a3-4340-9d37-d41e42b9d14a/3dbf59c9-d613-4c89-97a6-bc15288e5a48/300x300.jpg
Epicerie Salée,aabf8d95-49a5-48c4-8590-5b28b6dbe835,MPX_3513947,Mutti Tomates Concassées Fines 3 X 400G,3.15,2.62,"['Epicerie Salée', 'Conserve', 'Conserve de légume', 'Tomate en conserve']",Mutti,True,False,false,1.0,YEAR,3 x 400g,[],https://courses.monoprix.fr/images-v3/0c44253f-c4a3-4340-9d37-d41e42b9d14a/b0cd701e-9983-4dc4-97c1-e4165513182b/300x300.jpg
Epicerie Salée,2a3c74e0-1dff-4c10-9371-647dc16dc625,MPX_1878528,Monoprix Bio Riz Basmati 500G,2.49,4.98,"['Epicerie Salée', 'Pâte, Riz, Céréale et Purée', 'Pâte, Riz, Purée et Légume sec bio']",Monoprix Bio,True,False,false,6.0,MONTH,500g,['Produit bio'],https://courses.monoprix.fr/images-v3/0c44253f-c4a3-4340-9d37-d41e42b9d14a/5bae1e73-3081-4280-93cb-fc6d0bedad60/300x300.jpg
Epicerie Salée,b5d95fbf-ba93-4356-9499-713ea30fc438,MPX_962396,Monoprix Pistaches entières grillées salées 125g,2.99,23.92,"['Epicerie Salée', 'Produit apéritif', 'Cacahuète, Noix, Amande et Pistache', 'Amande et Pistache']",Monoprix,True,False,false,2.0,MONTH,125g,[],https://courses.monoprix.fr/images-v3/0c44253f-c4a3-4340-9d37-d41e42b9d14a/4ee81765-4241-4577-8737-cce577a55552/300x300.jpg
Epicerie Salée,17ce1b62-ac7c-4fed-8a22-f882a15aeb93,MPX_5816289,Brets La Craquante Chips Nature au Sel de Guérande 125g,1.79,14.32,"['Epicerie Salée', 'Produit apéritif', 'Chips et Biscuit Apéritif', 'Chips']",Brets,True,False,false,2.0,MONTH,125g,['Produit végétarien'],https://courses.monoprix.fr/images-v3/0c44253f-c4a3-4340-9d37-d41e42b9d14a/c2c1bf89-f58a-4ad2-a62e-8b6226eba875/300x300.jpg
Epicerie Salée,77089459-9031-4254-94f0-bf206e201088,MPX_2875977,Monoprix Lait de coco 200ml,0.95,4.75,"['Produits du monde', 'Asie 亚洲', 'Lait et Crème de coco']",Monoprix,True,False,false,1.0,MONTH,200ml,[],https://courses.monoprix.fr/images-v3/0c44253f-c4a3-4340-9d37-d41e42b9d14a/7b80aa29-6b9e-4ffc-8c21-72384135daff/300x300.jpg
Epicerie Salée,d57c7b91-2f77-498a-8489-ab50650b5290,MPX_3292506,Bonduelle Pois Chiches Cuits Dans Très Peu De Jus 265G,1.65,6.23,"['Nos sélections', 'Inspiration du moment', '& Tout pour faire sa salade', 'Epicerie salée']",Bonduelle,True,False,false,1.0,YEAR,265g,['Produit vegan'],https://courses.monoprix.fr/images-v3/0c44253f-c4a3-4340-9d37-d41e42b9d14a/c1811d1d-5e20-4f81-8e8d-02384c4c9d10/300x300.jpg
Epicerie Salée,d2a37aa6-0aa8-4af5-aee4-45264d8697c7,MPX_1111770,Monoprix riz basmati parfumé 500g,1.89,3.78,"['Nos recettes', 'Recettes de Chefs', '&Danny Khezzar - Recette poulet sauce poulette au Beurre ail et persil']",Monoprix,True,False,false,6.0,MONTH,500g,[],https://courses.monoprix.fr/images-v3/0c44253f-c4a3-4340-9d37-d41e42b9d14a/5e86e8e6-be15-42c8-939a-bc821a24b89f/300x300.jpg
Epicerie Salée,433d48fe-223e-444e-b39b-91ca13a24b38,MPX_2188188,Atelier blini houmous extra le pot de 175g,3.69,21.09,"['Epicerie Salée', 'Produit apéritif', 'Tartinable et Produit de la Mer', 'Houmous et Tarama']",Atelier blini,True,False,false,1.0,WEEK,175g,[],https://courses.monoprix.fr/images-v3/0c44253f-c4a3-4340-9d37-d41e42b9d14a/e6b041cc-6db9-4c1b-9172-de02cc73b9cc/300x300.jpg
Epicerie Salée,b1e4bb41-e178-4a6a-bc8d-07e5a299688e,MPX_1816388,De Cecco Pâtes Fusili N°34 500g,2.39,4.78,"['Epicerie Salée', 'Pâte, Riz, Céréale et Purée', 'Pâtes', 'Pâtes courtes']",De Cecco,True,False,false,1.0,YEAR,500g,[],https://courses.monoprix.fr/images-v3/0c44253f-c4a3-4340-9d37-d41e42b9d14a/826ebc4c-e0c6-489c-b2dc-535b7e65b5ed/300x300.jpg
Epicerie Salée,cf429f3c-e035-4c6d-bffa-cee33481d538,MPX_3728597,Pringles Chips Tuiles Original 175g,2.35,13.43,"['Epicerie Salée', 'Produit apéritif', 'Chips et Biscuit Apéritif', 'Tuile et Tortilla']",Pringles,True,False,false,2.0,MONTH,175g,['Produit vegan'],https://courses.monoprix.fr/images-v3/0c44253f-c4a3-4340-9d37-d41e42b9d14a/e2f1bda2-af94-4c86-af5c-aeb1ed9aa8df/300x300.jpg
Epicerie Salée,81176722-b3ac-4856-b6fb-e43d6d343b96,MPX_877642,Monoprix Champignons de Paris Emincés 230g,1.29,5.61,"['Mes marques Monoprix', 'Monoprix', 'Epicerie salée', 'Conserve et Plat Cuisiné']",Monoprix,True,False,false,1.0,YEAR,230g,[],https://courses.monoprix.fr/images-v3/0c44253f-c4a3-4340-9d37-d41e42b9d14a/4fee59b4-150a-4873-95c0-4d366b93f96b/300x300.jpg
Epicerie Salée,9951b3df-cc4c-49b7-b7b1-2444327d64fe,MPX_3379568,Cassegrain Ratatouille Cuisinée à La Provençale 380g,3.55,9.34,"['Nos sélections', 'Boutique Enfants', 'Repas facile pour les enfants', 'Repas']",Cassegrain,True,False,false,6.0,MONTH,380g,['Produit vegan'],https://courses.monoprix.fr/images-v3/0c44253f-c4a3-4340-9d37-d41e42b9d14a/4eda169b-44d5-43f6-aa41-db8a4333d642/300x300.jpg
Epicerie Salée,9c6f769f-3d5c-481f-94a3-97af7fec27b9,MPX_1480,Cassegrain Haricots Verts Extra-Fins Cueillis & Rangés Main 390g,3.95,10.13,"['Nos sélections', 'Boutique Enfants', 'Repas facile pour les enfants', 'Repas']",Cassegrain,True,False,false,1.0,YEAR,390g,['Produit vegan'],https://courses.monoprix.fr/images-v3/0c44253f-c4a3-4340-9d37-d41e42b9d14a/5f1a490b-45f2-4143-a8ff-550ef3beaa9a/300x300.jpg
Epicerie Salée,21bac598-80c0-4b06-a2f0-d78e086839bd,MPX_3292507,Bonduelle Haricots Rouges 250G,1.65,6.6,"['Epicerie Salée', 'Conserve', 'Conserve de légume', 'Haricot et Flageolet en conserve']",Bonduelle,True,False,false,1.0,YEAR,250g,['Produit vegan'],https://courses.monoprix.fr/images-v3/0c44253f-c4a3-4340-9d37-d41e42b9d14a/15ec85d7-74c8-4cf6-a36f-bb2487f3794b/300x300.jpg
Epicerie Salée,b14ba93f-912b-4f7d-95ae-939b0f1a6107,MPX_1178904,Monoprix Chips à L'Ancienne Nature 6x30g,2.15,11.94,"['Epicerie Salée', 'Produit apéritif', 'Chips et Biscuit Apéritif', 'Chips']",Monoprix,True,False,false,1.0,MONTH,6 x 30g,[],https://courses.monoprix.fr/images-v3/0c44253f-c4a3-4340-9d37-d41e42b9d14a/941d609c-e7db-44d8-a440-3d1e0e652a48/300x300.jpg
Epicerie Salée,457b708f-1d6d-4cc0-9c24-81bf086ab02b,MPX_3254951,Petti purée de tomates de Toscane extra fine 500g,2.65,5.3,"['Epicerie Salée', 'Sauce et Base culinaire', 'Concentré, Coulis et Purée']",Petti,True,False,false,6.0,MONTH,500g,[],https://courses.monoprix.fr/images-v3/0c44253f-c4a3-4340-9d37-d41e42b9d14a/06064528-b466-4cbf-be4d-838811bb8a03/300x300.jpg
Epicerie Salée,3aca799e-3c7f-4cd7-b576-11cc018291f6,MPX_1962366,Monoprix Riz basmati naturellement parfumé 1 kg,2.99,2.99,"['Nos recettes', 'Recettes de Saisons', '& Saumon au Fenouil et Pamplemousse']",Monoprix,True,False,false,6.0,MONTH,1kg,[],https://courses.monoprix.fr/images-v3/0c44253f-c4a3-4340-9d37-d41e42b9d14a/2fe9f323-d0b3-454c-bdd5-d13f4eda9195/300x300.jpg
Epicerie Salée,0ddf3d65-4c08-4082-9e8d-037de45b5c75,MPX_3032695,Carapelli Huile D'Olive Vierge Extra Bio Classique 750Ml,12.9,17.2,"['Epicerie Salée', 'Assaisonnement et Condiment', 'Huile', ""Huile d'olive""]",Carapelli,True,False,false,2.0,MONTH,750ml,"['Produit halal', 'Produit vegan', 'Produit bio', 'Produit casher']",https://courses.monoprix.fr/images-v3/0c44253f-c4a3-4340-9d37-d41e42b9d14a/c37325e7-e2f3-4acc-8a71-af930412954b/300x300.jpg
Epicerie Salée,970ccc3a-90b0-49fe-90d4-c9dfe6f261b1,MPX_1490432,Old El Paso Wraps De Blé Nature Extra Moelleux 350g,3.19,9.11,"['Produits du monde', 'Mexique - México', 'Tortilla et Wrap']",Old el paso,True,False,false,2.0,MONTH,350g,['Produit vegan'],https://courses.monoprix.fr/images-v3/0c44253f-c4a3-4340-9d37-d41e42b9d14a/0243023c-d58d-4ae6-8833-e11fa7100e97/300x300.jpg
Epicerie Salée,b8f7e4b8-484c-4344-b170-19ee5052e3f3,MPX_583635,Monoprix Bio Chair de Tomates Nature 400g,2.39,5.98,"['Bio', 'Epicerie salée bio', 'Conserve bio']",Monoprix Bio,True,False,false,1.0,YEAR,400g,['Produit bio'],https://courses.monoprix.fr/images-v3/0c44253f-c4a3-4340-9d37-d41e42b9d14a/843e2a2e-745a-4acd-b365-7b1ad74a3845/300x300.jpg
Epicerie Salée,171c869c-a964-48a0-9a15-0ff665eea29b,MPX_3209670,Monoprix Bio Houmous à l'huile d'olive vierge extra bio 180g,3.79,21.06,"['Produits du monde', 'Oriental', 'Sauce, base culinaire et condiments']",Monoprix Bio,True,False,false,1.0,WEEK,180g,['Produit bio'],https://courses.monoprix.fr/images-v3/0c44253f-c4a3-4340-9d37-d41e42b9d14a/83b6b4b8-05d7-48ec-875a-a602480975fb/300x300.jpg
Epicerie Salée,5b7417f5-c381-40ef-a12f-e6343991c7f3,MPX_1818135,Monoprix Bio Sauce tomates basilic sans sucres ajoutés bio 200g,1.69,8.45,"['Nos sélections', 'Boutique Enfants', 'Repas facile pour les enfants', 'Repas']",Monoprix Bio,True,False,false,1.0,YEAR,200g,['Produit bio'],https://courses.monoprix.fr/images-v3/0c44253f-c4a3-4340-9d37-d41e42b9d14a/08d3856c-2779-4c7d-b2f7-5afaf0dfc09e/300x300.jpg
Epicerie Salée,faf777f5-5181-42e9-b77b-a93cbadfd2ea,MPX_1600,Puget Huile D'Olive Vierge Extra 1L,14.5,14.5,"['Epicerie Salée', 'Assaisonnement et Condiment', 'Huile', ""Huile d'olive""]",Puget,True,False,false,2.0,MONTH,1L,[],https://courses.monoprix.fr/images-v3/0c44253f-c4a3-4340-9d37-d41e42b9d14a/ac9c3302-1ccd-4fb9-99c2-4f71746df4df/300x300.jpg
Epicerie Salée,55e7de5e-96eb-469c-9a4e-40dda653c00d,MPX_1817605,Lu Tuc Biscuits Apéritifs Crackers Original 100g,0.89,8.9,"['Epicerie Salée', 'Produit apéritif', 'Chips et Biscuit Apéritif', 'Crackers et Bretzel']",Tuc,True,False,false,2.0,MONTH,100g,[],https://courses.monoprix.fr/images-v3/0c44253f-c4a3-4340-9d37-d41e42b9d14a/4e21645c-485b-43e3-82bc-ec35464dcc53/300x300.jpg
Epicerie Salée,9ae45554-9981-4ba7-a60c-9d73b9843767,MPX_2520541,Rummo Pâtes Farfalle N°85 500g,2.49,4.98,"['Produits du monde', 'Italie - Italia', 'Pâtes, Riz et Risotto']",Rummo,True,False,false,1.0,YEAR,500g,[],https://courses.monoprix.fr/images-v3/0c44253f-c4a3-4340-9d37-d41e42b9d14a/287f0c7f-e9b8-4ebe-b8b9-d90907cfb0bd/300x300.jpg
Epicerie Salée,41f89c19-60b7-4ef8-a077-4b4b40d8bbf3,MPX_1176016,Barilla pates tagliatelles collezione 500g,2.39,4.78,"['Epicerie Salée', 'Pâte, Riz, Céréale et Purée', 'Pâtes', 'Pâtes longues']",Barilla,True,False,false,6.0,MONTH,500g,[],https://courses.monoprix.fr/images-v3/0c44253f-c4a3-4340-9d37-d41e42b9d14a/46396bc2-614e-49d7-bd81-9d5d870616bc/300x300.jpg
Epicerie Salée,4b9cd8ea-8c86-4453-85b6-d6a2180ae85f,MPX_6617979,Monoprix tortillas chips goût nature 150g,0.99,6.6,"['Epicerie Salée', 'Produit apéritif', 'Chips et Biscuit Apéritif', 'Chips']",Monoprix,True,False,false,2.0,MONTH,150g,[],https://courses.monoprix.fr/images-v3/0c44253f-c4a3-4340-9d37-d41e42b9d14a/5eab31ca-a3e1-4093-892f-9c68c2c7f18f/300x300.jpg
Epicerie Salée,e44248a4-a1b1-43a6-9ef6-0f2b35a9cc5b,MPX_6618383,Ben'S Original riz basmati micro-ondable 220g,1.79,8.14,"['Epicerie Salée', 'Pâte, Riz, Céréale et Purée', 'Riz', 'Riz express']",Ben'S Original,True,False,false,2.0,MONTH,220g,[],https://courses.monoprix.fr/images-v3/0c44253f-c4a3-4340-9d37-d41e42b9d14a/92cb8e77-f11f-4921-803c-05820f032433/300x300.jpg
Epicerie Salée,bc326f53-f5a6-4828-ba25-da085812e3e5,MPX_2414223,Rummo Penne Rigate n°66 500g,2.49,4.98,"['Produits du monde', 'Italie - Italia', 'Pâtes, Riz et Risotto']",Rummo,True,False,false,1.0,YEAR,500g,[],https://courses.monoprix.fr/images-v3/0c44253f-c4a3-4340-9d37-d41e42b9d14a/ca5052b6-fa62-4161-abc5-806ed7d4f56f/300x300.jpg
Epicerie Salée,31358e2b-8451-474e-a02a-175ea92c9ac8,MPX_3279046,Taureau Ailé Riz Basmati Du Penjab 500g,3.29,6.58,"['Epicerie Salée', 'Pâte, Riz, Céréale et Purée', 'Riz', 'Riz blanc']",Taureau ailé,True,False,false,1.0,YEAR,500g,[],https://courses.monoprix.fr/images-v3/0c44253f-c4a3-4340-9d37-d41e42b9d14a/9e8be0ff-8a92-4b3c-958d-f2bd70cabae4/300x300.jpg
Epicerie Salée,101407f3-6fa5-4b86-ac24-85953331607c,MPX_84133,Barilla pates pipe rigate 500g,1.29,2.58,"['Epicerie Salée', 'Pâte, Riz, Céréale et Purée', 'Pâtes', 'Pâtes courtes']",Barilla,True,False,false,6.0,MONTH,500g,[],https://courses.monoprix.fr/images-v3/0c44253f-c4a3-4340-9d37-d41e42b9d14a/4b0f3614-d56f-46a9-9657-ce56ebafca5c/300x300.jpg
Epicerie Salée,b1430e65-fb6f-4178-89b7-72ca8d7ffe7b,MPX_4218890,Monoprix Purée de tomates sans sel ajouté 500g,0.99,1.98,"['Mes marques Monoprix', 'Monoprix', 'Epicerie salée', 'Sauce et Condiment']",Monoprix,True,False,false,6.0,MONTH,500g,[],https://courses.monoprix.fr/images-v3/0c44253f-c4a3-4340-9d37-d41e42b9d14a/bf760613-d8e6-4561-a9cb-79da7df76380/300x300.jpg
Epicerie Salée,eb82135c-f618-4af6-8579-8cb1f3f7502a,MPX_3279045,"Taureau Ailé Le Basmati du Penjab, l'Original 1kg",5.29,5.29,"['Epicerie Salée', 'Pâte, Riz, Céréale et Purée', 'Riz', 'Riz blanc']",Taureau ailé,True,False,false,1.0,YEAR,1kg,[],https://courses.monoprix.fr/images-v3/0c44253f-c4a3-4340-9d37-d41e42b9d14a/81597ae9-16c4-43cf-a6c0-324c5cc1c181/300x300.jpg
Epicerie Salée,58b09f20-9b86-4753-9b83-0bdc391d8ab7,MPX_1921254,De Cecco Pâtes Linguine N°7 500g,2.39,4.78,"['Epicerie Salée', 'Pâte, Riz, Céréale et Purée', 'Pâtes', 'Pâtes longues']",De Cecco,True,False,false,1.0,YEAR,500g,[],https://courses.monoprix.fr/images-v3/0c44253f-c4a3-4340-9d37-d41e42b9d14a/0f1b7694-8cbc-46f5-af3b-c802e61bd1c4/300x300.jpg
Epicerie Salée,0bb32f78-063b-4153-a0d3-dda0573d349e,MPX_897489,Seeberger Amandes Décortiquées 200G,5.95,29.75,"['Epicerie Salée', 'Produit apéritif', 'Cacahuète, Noix, Amande et Pistache', 'Amande et Pistache']",Seeberger,True,False,false,2.0,MONTH,200g,[],https://courses.monoprix.fr/images-v3/0c44253f-c4a3-4340-9d37-d41e42b9d14a/c7bfd82f-33b1-4b1c-9bbe-a2987c7e0d72/300x300.jpg
Epicerie Salée,d3f38ba2-defb-4e2a-839b-6165f24834bf,MPX_1178910,Monoprix Chips à L'Ancienne Nature 150g,0.95,6.33,"['Epicerie Salée', 'Produit apéritif', 'Chips et Biscuit Apéritif', 'Chips']",Monoprix,True,False,false,1.0,MONTH,150g,[],https://courses.monoprix.fr/images-v3/0c44253f-c4a3-4340-9d37-d41e42b9d14a/62817dc7-032c-4b51-a10a-0eab515904df/300x300.jpg
Epicerie Salée,d6e9fd91-e544-4e5a-9d63-da70085bc525,MPX_128415,Monoprix Huile d'olive vierge extra 1L,10.9,10.9,"['Mes marques Monoprix', 'Monoprix', 'Epicerie salée', 'Huile et Vinaigre']",Monoprix,True,False,false,2.0,MONTH,1L,[],https://courses.monoprix.fr/images-v3/0c44253f-c4a3-4340-9d37-d41e42b9d14a/33404da4-7b9c-4e7f-bec3-4ffc4f99a241/300x300.jpg
Epicerie Salée,0902ed5e-a9de-40a9-aa73-5497880e98a6,MPX_3789033,Kara Lait De Coco Bio 200Ml,1.89,9.45,"['Produits du monde', 'Asie 亚洲', 'Lait et Crème de coco']",Kara,True,False,false,1.0,MONTH,200ml,['Produit bio'],https://courses.monoprix.fr/images-v3/0c44253f-c4a3-4340-9d37-d41e42b9d14a/6bbdae5d-40d9-41f8-a6fa-dcedd2ca14e6/300x300.jpg
Epicerie Salée,67ac1a50-6954-42c4-857b-09287d1b172b,MPX_3268984,Mutti Parma Tomates Pelées 100% Bio 400G,1.75,4.38,"['Bio', 'Epicerie salée bio', 'Conserve bio']",Mutti,True,False,false,1.0,YEAR,400g,"['Produit végétarien', 'Produit vegan', 'Produit bio']",https://courses.monoprix.fr/images-v3/0c44253f-c4a3-4340-9d37-d41e42b9d14a/e6ac3f2e-05d8-49fd-bb72-593c3d7d9e03/300x300.jpg
Epicerie Salée,bc7dadef-895c-42cf-a002-b40d9f58dcb2,MPX_1182730,Monoprix Haricots Verts Extra-Fins 345G,2.99,8.67,"['Mes marques Monoprix', 'Monoprix', 'Epicerie salée', 'Conserve et Plat Cuisiné']",Monoprix,True,False,false,1.0,YEAR,345g,[],https://courses.monoprix.fr/images-v3/0c44253f-c4a3-4340-9d37-d41e42b9d14a/1a693667-b662-4e74-b4fc-0704dfcd5f0f/300x300.jpg
Epicerie Salée,55464b4e-70b7-40fc-8bb0-41376821c5b4,MPX_3254949,Petti Concentré De Tomate Bio 130G,2.25,17.31,"['Epicerie Salée', 'Sauce et Base culinaire', 'Concentré, Coulis et Purée']",Petti,True,False,false,6.0,MONTH,130g,['Produit bio'],https://courses.monoprix.fr/images-v3/0c44253f-c4a3-4340-9d37-d41e42b9d14a/bdd93830-28ed-4393-95c6-0b811f76cf9e/300x300.jpg
Epicerie Salée,74d3ef03-dd43-414f-9892-0e18a7a94a6e,MPX_1346845,Monoprix Chips craquantes aux crevettes 50g,0.99,19.8,"['Epicerie Salée', 'Produit apéritif', 'Chips et Biscuit Apéritif', 'Chips']",Monoprix,True,False,false,1.0,MONTH,50g,[],https://courses.monoprix.fr/images-v3/0c44253f-c4a3-4340-9d37-d41e42b9d14a/3735e9b1-7e45-4ee4-871b-cb3915cca895/300x300.jpg
Epicerie Salée,7f0eac3f-d47b-4ff1-aa18-13f3786727e0,MPX_3513946,Mutti Pulpe De Tomates Datterini 2 X 300G,3.15,5.25,"['Epicerie Salée', 'Conserve', 'Conserve de légume', 'Tomate en conserve']",Mutti,True,False,false,6.0,MONTH,2 x 300g,[],https://courses.monoprix.fr/images-v3/0c44253f-c4a3-4340-9d37-d41e42b9d14a/ced1477d-b7e3-44d3-987d-6007a92f1404/300x300.jpg
Epicerie Salée,b5efec9b-bef1-436b-9ccb-447be7179130,MPX_10629,Cassegrain Petits Pois & Carottes Sélection Tendres & Fondants 130g,1.69,13.0,"['Epicerie Salée', 'Conserve', 'Conserve de légume', 'Petits-pois et Carotte en conserve']",Cassegrain,True,False,false,1.0,YEAR,130g,['Produit vegan'],https://courses.monoprix.fr/images-v3/0c44253f-c4a3-4340-9d37-d41e42b9d14a/1f74435f-43bd-48a8-bc95-e45bc055c0c7/300x300.jpg
Epicerie Salée,9dc763fa-86fe-4a70-bb19-0586f6a0f48b,MPX_3728595,Pringles Chips Tuiles Crème et Oignon 175g,2.35,13.43,"['Epicerie Salée', 'Produit apéritif', 'Chips et Biscuit Apéritif', 'Tuile et Tortilla']",Pringles,True,False,false,2.0,MONTH,175g,[],https://courses.monoprix.fr/images-v3/0c44253f-c4a3-4340-9d37-d41e42b9d14a/39517bdc-d3b3-4302-a47d-db3edb34783c/300x300.jpg
Epicerie Salée,16e2befd-15d0-40e1-ba42-f3d83ad34f6a,MPX_1539842,Tyrrell's chips au sel et vinaigre 150g,3.95,26.33,"['Epicerie Salée', 'Produit apéritif', 'Chips et Biscuit Apéritif', 'Chips']",Tyrrell's,True,False,false,1.0,MONTH,150g,[],https://courses.monoprix.fr/images-v3/0c44253f-c4a3-4340-9d37-d41e42b9d14a/19c58bc6-9711-45f0-9b5b-f0629ba9e8ed/300x300.jpg
Epicerie Salée,9e00712b-1ca0-44b9-b6ef-6e8c649c1cf0,MPX_152288,Barilla pates coquillettes 500g,1.29,2.58,"['Epicerie Salée', 'Pâte, Riz, Céréale et Purée', 'Pâtes', 'Pâtes courtes']",Barilla,True,False,false,2.0,MONTH,500g,[],https://courses.monoprix.fr/images-v3/0c44253f-c4a3-4340-9d37-d41e42b9d14a/4b913ac4-997a-4097-afc0-de5227a9a546/300x300.jpg
Epicerie Salée,c320b8b1-31e3-416c-990e-beb294e75535,MPX_3209161,Monoprix Sardines à l'Huile d'Olive Vierge Extra 87g,1.79,20.57,"['Nos sélections', 'Inspiration du moment', '& Tout pour faire sa salade', 'Produits de la mer']",Monoprix,True,False,false,1.0,YEAR,87g,[],https://courses.monoprix.fr/images-v3/0c44253f-c4a3-4340-9d37-d41e42b9d14a/b4e1af9c-7ef7-4c01-8256-e02557e409b5/300x300.jpg
Epicerie Salée,69e140ae-4892-4afe-9496-cdc9f43da1f3,MPX_100659,Le Saunier de Camargue Fleur de sel boite ronde 125g,3.59,28.72,"['Nos sélections', 'Inspiration du moment', '& Barbecue', 'Sauce et Assaisonnement']",Le saulnier de camargue,True,False,false,,,125g,[],https://courses.monoprix.fr/images-v3/0c44253f-c4a3-4340-9d37-d41e42b9d14a/e29a8cdf-c62d-4f66-96e7-bacf8d0fd89a/300x300.jpg
Epicerie Salée,e99f8c1c-4251-4b9b-a04f-d57a85203f86,MPX_4218891,Monoprix coulis de tomate sans sucre ajouté 3x200g,1.25,2.08,"['Mes marques Monoprix', 'Ça vaut le coût !']",Monoprix,True,False,false,6.0,MONTH,3 x 200g,[],https://courses.monoprix.fr/images-v3/0c44253f-c4a3-4340-9d37-d41e42b9d14a/bf107cdb-da91-4f5a-840d-854cec14d730/300x300.jpg
Epicerie Salée,75633edf-a2d0-4c7e-8e86-7fad0ef71efb,MPX_1044904,"Monoprix Cocktail gourmand noix de cajou, amandes & noix de pécan 100g",2.69,26.9,"['Epicerie Sucrée', 'Céréale et Barre', 'Fruits Secs et Graines', 'Amandes, Noix et Autres Fruits à Coques']",Monoprix,True,False,false,1.0,MONTH,100g,[],https://courses.monoprix.fr/images-v3/0c44253f-c4a3-4340-9d37-d41e42b9d14a/b8bdd58e-4b0d-4adf-9d3a-1b5453ffbb2b/300x300.jpg
Epicerie Salée,a255c8e0-d8e1-4fe0-92c9-3fb11291f29a,MPX_1118925,Old El Paso 8 tortillas Extra Moelleuses au Blé Nature 326g,3.19,9.79,"['Produits du monde', 'Mexique - México', 'Tortilla et Wrap']",Old el paso,True,False,false,2.0,MONTH,326g,[],https://courses.monoprix.fr/images-v3/0c44253f-c4a3-4340-9d37-d41e42b9d14a/0595a940-5eb2-4672-afe4-8a7b525f7c3a/300x300.jpg
Epicerie Salée,6e7b1900-b4f3-42c4-937d-2d0e92f48580,MPX_127271,Monoprix Torti Qualité Supérieure 500G,0.99,1.98,"['Epicerie Salée', 'Pâte, Riz, Céréale et Purée', 'Pâtes', 'Pâtes courtes']",Monoprix,True,False,false,1.0,YEAR,500g,[],https://courses.monoprix.fr/images-v3/0c44253f-c4a3-4340-9d37-d41e42b9d14a/c67f6f29-0302-47fd-8197-f4972dec0760/300x300.jpg
Epicerie Salée,d9a54271-8fe6-4f9a-a039-5b2e875a6575,MPX_1742559,"Lustucru Riz Basmati Sélection, 10 Min 5 X 90G",2.99,6.64,"['Epicerie Salée', 'Pâte, Riz, Céréale et Purée', 'Riz', 'Riz parfumé']",Lustucru,True,False,false,1.0,YEAR,450g,[],https://courses.monoprix.fr/images-v3/0c44253f-c4a3-4340-9d37-d41e42b9d14a/756b5489-25d4-4bc1-ab9c-e9bc7c97a6d8/300x300.jpg
Epicerie Salée,1fcbdf83-f190-4fb0-95bf-450851e9fdf9,MPX_6631594,Barilla pates farfalle generose collezione,2.35,4.7,"['Epicerie Salée', 'Pâte, Riz, Céréale et Purée', 'Pâtes', 'Pâtes courtes']",Barilla,True,False,false,6.0,MONTH,500g,['Produit végétarien'],https://courses.monoprix.fr/images-v3/0c44253f-c4a3-4340-9d37-d41e42b9d14a/13513440-dc0a-4f8c-b523-16f87c21d667/300x300.jpg
Epicerie Salée,17e472e5-f92b-41ac-b069-ab00c14a3f4e,MPX_2339284,Rummo Spaghetti n°3 500g,2.49,4.98,"['Produits du monde', 'Italie - Italia', 'Pâtes, Riz et Risotto']",Rummo,True,False,false,1.0,YEAR,500g,[],https://courses.monoprix.fr/images-v3/0c44253f-c4a3-4340-9d37-d41e42b9d14a/b3c3e341-eb77-4edc-9708-47a05cf4ba4a/300x300.jpg
Epicerie Salée,17b5a491-534e-4599-8e5f-09cf07336887,MPX_1257553,De cecco Penne rigate n°41 500g,2.39,4.78,"['Epicerie Salée', 'Pâte, Riz, Céréale et Purée', 'Pâtes', 'Pâtes courtes']",De cecco,True,False,false,1.0,YEAR,500g,[],https://courses.monoprix.fr/images-v3/0c44253f-c4a3-4340-9d37-d41e42b9d14a/d1ff6e5a-3f16-4915-b573-d75ad78b113e/300x300.jpg
Epicerie Salée,99e9f9cb-c195-4708-9299-5723354c4356,MPX_1677297,Curly à la cacahuète 160g,1.85,11.56,"['Epicerie Salée', 'Produit apéritif', 'Chips et Biscuit Apéritif', 'Soufflé et Croustillant']",Curly,True,False,false,1.0,MONTH,160g,[],https://courses.monoprix.fr/images-v3/0c44253f-c4a3-4340-9d37-d41e42b9d14a/9d725fc6-0226-4096-982f-34a81ba3d8a9/300x300.jpg
Epicerie Salée,9d8bb483-7672-4436-9d36-4de4a675eb1e,MPX_3268985,Mutti Parma Pulpe De Tomates En Morceaux 100% Bio 800G,3.15,3.94,"['Bio', 'Epicerie salée bio', 'Conserve bio']",Mutti,True,False,false,1.0,YEAR,800g,"['Produit végétarien', 'Produit bio']",https://courses.monoprix.fr/images-v3/0c44253f-c4a3-4340-9d37-d41e42b9d14a/94cd7a51-f84e-4dfa-988f-deae543e11fd/300x300.jpg
Epicerie Salée,92f45ec0-2b0f-4155-8888-bdb7cfbf66d4,MPX_1962368,Monoprix riz thaï naturellement parfumé 1kg,1.99,1.99,"['Nos recettes', 'Recettes du Monde', '& Khao phat de phuket']",Monoprix,True,False,false,6.0,MONTH,1kg,[],https://courses.monoprix.fr/images-v3/0c44253f-c4a3-4340-9d37-d41e42b9d14a/03bab5fa-186e-4888-a351-9e42a5dc8b3d/300x300.jpg
Epicerie Salée,ada66477-e8f8-4574-85b4-fbae889f1291,MPX_127265,Monoprix Coquillettes Qualité Supérieure 500g,0.85,1.7,"['Epicerie Salée', 'Pâte, Riz, Céréale et Purée', 'Pâtes', 'Pâtes courtes']",Monoprix,True,False,false,1.0,YEAR,500g,[],https://courses.monoprix.fr/images-v3/0c44253f-c4a3-4340-9d37-d41e42b9d14a/84663132-bd6b-441a-9ff5-102f4a019ab9/300x300.jpg
Epicerie Salée,dd0569d0-c1eb-4910-8860-ab60e219ec28,MPX_3510986,Monoprix Pois chiches prêts à l'emploi 530g,1.49,2.81,"['Nos recettes', 'Recettes du Monde', ""& Chakchouka d'hiver aux épinars fenouil et pois chiches""]",Monoprix,True,False,false,1.0,YEAR,530g,[],https://courses.monoprix.fr/images-v3/0c44253f-c4a3-4340-9d37-d41e42b9d14a/bd0d26f2-1e65-4f94-8e64-8f9ff3b58b62/300x300.jpg
Epicerie Salée,745d7941-36e4-4f5d-94e4-93f6cb0194be,MPX_640,Maille Cornichons Extra-Fins L'Original Bocal 220g,2.75,12.5,"['Nos sélections', 'Inspiration du moment', '& Fondus de la raclette', 'Légumes Frais & Condiments']",Maille,True,False,false,2.0,MONTH,220g,[],https://courses.monoprix.fr/images-v3/0c44253f-c4a3-4340-9d37-d41e42b9d14a/e85f019f-9147-467f-8da6-dcd77a640246/300x300.jpg
Epicerie Salée,30b5a2a4-11fc-49d5-a78c-4e8a767520a4,MPX_1037994,Cassegrain Lentilles Préparées Sélection Tendres Et Fondantes 265G,1.99,7.51,"['Epicerie Salée', 'Conserve', 'Plat cuisiné en conserve']",Cassegrain,True,False,false,1.0,YEAR,265g,[],https://courses.monoprix.fr/images-v3/0c44253f-c4a3-4340-9d37-d41e42b9d14a/d0ceebe9-3539-4569-b049-bcd9f5c31e0d/300x300.jpg
Epicerie Salée,5b263aa9-23f1-4d14-83e5-9f803811c849,MPX_10628,Cassegrain Petits Pois Sélection Tendres et Fondants 140g,1.69,12.07,"['Epicerie Salée', 'Conserve', 'Conserve de légume', 'Petits-pois et Carotte en conserve']",Cassegrain,True,False,false,1.0,YEAR,140g,['Produit vegan'],https://courses.monoprix.fr/images-v3/0c44253f-c4a3-4340-9d37-d41e42b9d14a/9dae36cb-6e53-42d4-b7ba-3043a4cca478/300x300.jpg
Epicerie Salée,1e0c5e73-cecd-49c9-8816-d5b783bc455b,MPX_3822625,Monoprix pesto à la Genovese 190g,1.99,10.47,"['Mes marques Monoprix', 'Monoprix', 'Epicerie salée', 'Sauce et Condiment']",Monoprix,True,False,false,6.0,MONTH,190g,[],https://courses.monoprix.fr/images-v3/0c44253f-c4a3-4340-9d37-d41e42b9d14a/5e5d056e-c35c-4567-9273-7972fd500c64/300x300.jpg
Epicerie Salée,5a9e17ef-21cb-4ac7-ad8d-a8d20fdbaa50,MPX_2204046,La Baleine Sel de mer fin iodé et fluoré boite verseuse 600g,0.89,1.48,"['Nos recettes', 'Recettes de Chefs', '& Fusilloni sauce moutarde']",La Baleine,True,False,false,,,600g,[],https://courses.monoprix.fr/images-v3/0c44253f-c4a3-4340-9d37-d41e42b9d14a/b124e5ac-d2ac-410c-8500-df2be39380e6/300x300.jpg
Epicerie Salée,5adc87bf-78d3-4419-9ed3-dd0985cef4eb,MPX_2117,Lesieur Huile Isio 4 1L,4.69,4.69,"['Epicerie Salée', 'Assaisonnement et Condiment', 'Huile', 'Autre huile']",Lesieur,True,False,false,6.0,MONTH,1L,[],https://courses.monoprix.fr/images-v3/0c44253f-c4a3-4340-9d37-d41e42b9d14a/29823265-561f-4cbf-955a-f7ee05963ec0/300x300.jpg
Epicerie Salée,469aa329-4584-4f22-8b46-9f7d79c73537,MPX_960610,"Monoprix Amandes grillées et salées, goût fumé 75g",2.09,27.87,"['Epicerie Salée', 'Produit apéritif', 'Cacahuète, Noix, Amande et Pistache', 'Amande et Pistache']",Monoprix,True,False,false,1.0,MONTH,75g,[],https://courses.monoprix.fr/images-v3/0c44253f-c4a3-4340-9d37-d41e42b9d14a/1197438a-b145-4cb6-95be-583bdea41119/300x300.jpg
Epicerie Salée,91055a02-edea-4650-955c-6131e06e1f2f,MPX_2483542,Liebig PurSoup' Velouté de 10 légumes 1L,2.35,2.35,"['Nos sélections', 'Nos marques du moment', 'La course aux étoiles chez Monoprix']",Liebig,True,False,false,6.0,MONTH,1L,[],https://courses.monoprix.fr/images-v3/0c44253f-c4a3-4340-9d37-d41e42b9d14a/89992c5e-7117-4293-825a-6edaa3154078/300x300.jpg
Epicerie Salée,463ab5b0-f6c7-4840-acaf-052a211ee5cd,MPX_801692,Monoprix Pois Chiches 265g,0.89,3.36,"['Nos recettes', 'Recettes du Monde', ""& Chakchouka d'hiver aux épinars fenouil et pois chiches""]",Monoprix,True,False,false,1.0,YEAR,265g,[],https://courses.monoprix.fr/images-v3/0c44253f-c4a3-4340-9d37-d41e42b9d14a/175a2bc7-1137-4817-8f5d-782fdd6b4a12/300x300.jpg
Epicerie Salée,daf6321a-0bce-449c-8ca3-3dcbca7dbfa1,MPX_2496187,Céréal Bio Quinoa Au Naturel 1 Portion 220g,3.15,14.32,"['Epicerie Salée', 'Pâte, Riz, Céréale et Purée', 'Pâte, Riz, Purée et Légume sec bio']",Céréal bio,True,False,false,2.0,MONTH,220g,['Produit bio'],https://courses.monoprix.fr/images-v3/0c44253f-c4a3-4340-9d37-d41e42b9d14a/b978a054-ffc9-40ac-82dd-0aa9439fd222/300x300.jpg
Epicerie Salée,39c78e54-46bb-484c-bcc4-627bfbb7e304,MPX_883843,De Cecco Spaghetti n°12 500g,2.39,4.78,"['Epicerie Salée', 'Pâte, Riz, Céréale et Purée', 'Pâtes', 'Pâtes longues']",De cecco,True,False,false,1.0,YEAR,500g,[],https://courses.monoprix.fr/images-v3/0c44253f-c4a3-4340-9d37-d41e42b9d14a/004c7375-6433-4f80-93ed-caab608c5e5c/300x300.jpg
Epicerie Salée,80e054ec-5139-4ed4-a8cf-d1c4b7002464,MPX_1689537,Lay's Chips cuites au four nature 130g,1.99,15.31,"['Epicerie Salée', 'Produit apéritif', 'Chips et Biscuit Apéritif', 'Chips']",Lay's,True,False,false,1.0,MONTH,130g,[],https://courses.monoprix.fr/images-v3/0c44253f-c4a3-4340-9d37-d41e42b9d14a/b0ca2f03-7b67-4d99-8332-cb187df7904e/300x300.jpg
Epicerie Salée,a7487161-4ab7-4cca-9d4f-73559f6aa09d,MPX_1455028,Monoprix Houmous 175g,1.99,11.37,"['Produits du monde', 'Oriental', 'Sauce, base culinaire et condiments']",Monoprix,True,False,false,1.0,WEEK,175g,[],https://courses.monoprix.fr/images-v3/0c44253f-c4a3-4340-9d37-d41e42b9d14a/5244dfff-0a0f-45c1-9c99-76f92f67589f/300x300.jpg
Epicerie Salée,da56ddd0-e58c-4651-8062-24d9205c38b6,MPX_3955113,Bonduelle maïs sans sucres ajoutés bio 2x140g,2.59,9.25,"['Bio', 'Epicerie salée bio', 'Conserve bio']",Bonduelle,True,False,false,1.0,YEAR,2 x 140g,"['Produit vegan', 'Produit bio']",https://courses.monoprix.fr/images-v3/0c44253f-c4a3-4340-9d37-d41e42b9d14a/2e479618-c310-46bb-a33c-1edad0a1c9a5/300x300.jpg
Epicerie Salée,c9a63571-32a0-4115-94cb-8903acbab1db,MPX_1260472,Cassegrain Lentilles Cuisinées Aux Oignons & Carottes 130g,1.45,11.15,"['Epicerie Salée', 'Conserve', 'Plat cuisiné en conserve']",Cassegrain,True,False,false,1.0,YEAR,130g,[],https://courses.monoprix.fr/images-v3/0c44253f-c4a3-4340-9d37-d41e42b9d14a/e17bf4c1-62be-4124-b89a-3f885220518d/300x300.jpg
Epicerie Salée,471be194-a9f5-42a9-ba81-5463da79df58,MPX_875654,Seeberger Cerneaux De Noix 150G,6.95,46.33,"['Epicerie Sucrée', 'Céréale et Barre', 'Fruits Secs et Graines', 'Amandes, Noix et Autres Fruits à Coques']",Seeberger,True,False,false,2.0,MONTH,150g,[],https://courses.monoprix.fr/images-v3/0c44253f-c4a3-4340-9d37-d41e42b9d14a/52f71d68-5477-4338-aee3-70ed122f260e/300x300.jpg
Epicerie Salée,7a0423f0-cca6-44d4-9c25-d50bfb8657f5,MPX_84131,Barilla pates spaghetti n°5 500g,1.29,2.58,"['Epicerie Salée', 'Pâte, Riz, Céréale et Purée', 'Pâtes', 'Pâtes longues']",Barilla,True,False,false,1.0,YEAR,500g,[],https://courses.monoprix.fr/images-v3/0c44253f-c4a3-4340-9d37-d41e42b9d14a/0eb9ed40-d1b3-49e4-887a-4093c0f46e33/300x300.jpg
Epicerie Salée,bf405f0b-ea49-47f9-9d9d-db8c09e81e30,MPX_2118515,Monoprix Bio Noix de cajou grillées et salées 120g,4.15,34.58,"['Nos sélections', 'Inspiration du moment', '& Apéro entre amis', 'Epicerie salée']",Monoprix Bio,True,False,false,2.0,MONTH,120g,['Produit bio'],https://courses.monoprix.fr/images-v3/0c44253f-c4a3-4340-9d37-d41e42b9d14a/9529310c-b79e-4373-8e97-59a013c584c5/300x300.jpg
Epicerie Salée,0a9d3e4d-0a0e-41b4-a278-c90ca54e907f,MPX_3563226,Monoprix 8 gyoza aux légumes 220g,4.79,21.77,"['Produits du monde', 'Japon 日本', 'Soupe et Plat cuisiné']",Monoprix,True,False,false,6.0,MONTH,220g,['Produit congelé'],https://courses.monoprix.fr/images-v3/0c44253f-c4a3-4340-9d37-d41e42b9d14a/b63880e7-38f6-435f-8bd1-756fddbec9ee/300x300.jpg
Epicerie Salée,d7e02cd2-d34d-4dde-83ed-6661b2f7c41f,MPX_3058937,Géant Vert Cœurs De Palmiers 220G,3.59,16.32,"['Epicerie Salée', 'Conserve', 'Conserve de légume', 'Autres']",Géant vert,True,False,false,1.0,YEAR,220g,['Produit vegan'],https://courses.monoprix.fr/images-v3/0c44253f-c4a3-4340-9d37-d41e42b9d14a/29bd1975-b3ce-4466-abd1-01106e3c28fc/300x300.jpg
Epicerie Salée,7b6a7887-ff35-4c40-8d38-b1fa17b7576b,MPX_1964036,Monoprix Tomates Entières Pelées Au Jus 238G,0.79,3.32,"['Mes marques Monoprix', 'Monoprix', 'Epicerie salée', 'Conserve et Plat Cuisiné']",Monoprix,True,False,false,1.0,YEAR,238g,[],https://courses.monoprix.fr/images-v3/0c44253f-c4a3-4340-9d37-d41e42b9d14a/b693c231-460b-4ef4-a7f5-1e6371db0304/300x300.jpg
Epicerie Salée,e503905b-10db-4690-ac84-5ff300a32dc0,MPX_1800579,Monoprix Crackets croustillants goût cacahuète 90g,0.89,9.89,"['Epicerie Salée', 'Produit apéritif', 'Chips et Biscuit Apéritif', 'Crackers et Bretzel']",Monoprix,True,False,false,2.0,MONTH,90g,[],https://courses.monoprix.fr/images-v3/0c44253f-c4a3-4340-9d37-d41e42b9d14a/eb53cf12-fadd-4b99-9156-8381bd6e6e17/300x300.jpg
Epicerie Salée,7df9a820-8860-46d0-b2b2-cc264b537cbe,MPX_162531,Le Savoureux Thon entier à l'Huile d'Olive Vierge Extra 104g,4.19,40.29,"['Nos sélections', 'Inspiration du moment', '& Tout pour faire sa salade', 'Produits de la mer']",Le savoureux,True,False,false,1.0,YEAR,104g,[],https://courses.monoprix.fr/images-v3/0c44253f-c4a3-4340-9d37-d41e42b9d14a/b85132c9-5404-4dd9-9653-e12cb226679b/300x300.jpg
Epicerie Salée,229c8e14-c386-45a8-90e8-525bc07b58c7,MPX_3575738,"Monoprix Bio Gressins nature à l'huile d'olive vierge extra 8,9% 120g",2.65,21.2,"['Epicerie Salée', 'Produit apéritif', 'Chips et Biscuit Apéritif', 'Gressin, Flûte et Torsade']",Monoprix Bio,True,False,false,2.0,MONTH,125g,['Produit bio'],https://courses.monoprix.fr/images-v3/0c44253f-c4a3-4340-9d37-d41e42b9d14a/6efe1267-14a1-40a3-8b42-ad0de06044ce/300x300.jpg
Epicerie Salée,3d67482f-b42e-47d4-9360-9cf26a51debc,MPX_1350384,Monoprix Riz Basmati Délicatement Parfumé 250G,1.89,7.56,"['Epicerie Salée', 'Plat cuisiné et Repas express', 'Riz express']",Monoprix,True,False,false,2.0,MONTH,250g,[],https://courses.monoprix.fr/images-v3/0c44253f-c4a3-4340-9d37-d41e42b9d14a/6d02e7c8-bf7c-4a3d-9534-4caf7ac19144/300x300.jpg
Epicerie Salée,8d496671-5df9-42ad-a489-d2ed74041c98,MPX_161016,Monoprix Lentilles 265g,0.89,3.36,"['Epicerie Salée', 'Conserve', 'Plat cuisiné en conserve']",Monoprix,True,False,false,1.0,YEAR,265g,[],https://courses.monoprix.fr/images-v3/0c44253f-c4a3-4340-9d37-d41e42b9d14a/e3809591-8a2e-4ea1-9814-4aea6ac38c2c/300x300.jpg
Epicerie Salée,81cba8d4-313c-4a1a-ad77-9fda5c039196,MPX_3255279,Taureau Ailé Riz Le Thaï Bio 500G,3.79,7.58,"['Epicerie Salée', 'Pâte, Riz, Céréale et Purée', 'Pâte, Riz, Purée et Légume sec bio']",Taureau Ailé,True,False,false,1.0,YEAR,500g,"['Produit végétarien', 'Produit bio']",https://courses.monoprix.fr/images-v3/0c44253f-c4a3-4340-9d37-d41e42b9d14a/9fe5dae8-0065-4d6b-8961-4a2cedab4c55/300x300.jpg
Epicerie Salée,59593791-482b-4c57-8025-949cf460b411,MPX_3510988,Monoprix Haricots Rouges 500G,1.19,2.38,"['Mes marques Monoprix', 'Monoprix', 'Epicerie salée', 'Conserve et Plat Cuisiné']",Monoprix,True,False,false,1.0,YEAR,500g,[],https://courses.monoprix.fr/images-v3/0c44253f-c4a3-4340-9d37-d41e42b9d14a/e4f9432b-7f47-486c-8d30-f75600fcb3b8/300x300.jpg
Epicerie Salée,a09c6780-fdf2-4541-9d0b-d57a6783fa87,MPX_4788068,Monoprix maïs doux sans résidus de pesticides 140g,0.75,5.36,"['Nos sélections', 'Inspiration du moment', 'Nos coups de coeur Origine France']",Monoprix,True,False,false,1.0,YEAR,140g,[],https://courses.monoprix.fr/images-v3/0c44253f-c4a3-4340-9d37-d41e42b9d14a/4c983bc8-1437-4f36-a555-365e7f24db5e/300x300.jpg
Epicerie Salée,3b41179e-5a92-456e-a1f3-2bd801417480,MPX_1175142,Monoprix Gourmet Flûtes au sésame fines et croquantes 125g,2.49,19.92,"['Epicerie Salée', 'Produit apéritif', 'Chips et Biscuit Apéritif', 'Gressin, Flûte et Torsade']",Monoprix Gourmet,True,False,false,2.0,MONTH,125g,[],https://courses.monoprix.fr/images-v3/0c44253f-c4a3-4340-9d37-d41e42b9d14a/11dafeee-9205-49c0-bf41-7825459bf356/300x300.jpg
Epicerie Salée,59a10111-f011-4adc-a9cb-f73fb7f22b9b,MPX_155668,Lesieur classique Mayonnaise aux oeufs frais tube 175g,0.99,5.66,"['Epicerie Salée', 'Sauce et Base culinaire', 'Mayonnaise, Ketchup et Autres', 'Mayonnaise']",Lesieur,True,False,false,6.0,MONTH,175g,[],https://courses.monoprix.fr/images-v3/0c44253f-c4a3-4340-9d37-d41e42b9d14a/674c2596-b208-4ae2-899e-79cee4018cc7/300x300.jpg
Epicerie Salée,f24b8e4b-c25b-4d0f-b8bb-fa2cc033cf43,MPX_2141182,Tramier Bocal Olives Noires Confites Dénoyautées sans saumure 150g,1.85,12.33,"['Epicerie Salée', 'Produit apéritif', 'Olive et Légume mariné', 'Olive noire']",Tramier,True,False,false,2.0,MONTH,150g,[],https://courses.monoprix.fr/images-v3/0c44253f-c4a3-4340-9d37-d41e42b9d14a/24c266d1-4a97-4266-87c6-d0a2fce5d8ec/300x300.jpg
Epicerie Salée,515a01ee-d26d-415b-abf2-3f09bd94f67d,MPX_3537794,Barilla pates fusilli bucati corti collezione 500g,2.19,4.38,"['Epicerie Salée', 'Pâte, Riz, Céréale et Purée', 'Pâtes', 'Pâtes courtes']",Barilla,True,False,false,6.0,MONTH,500g,[],https://courses.monoprix.fr/images-v3/0c44253f-c4a3-4340-9d37-d41e42b9d14a/cb559b05-7449-455b-be9e-9cf1ef445909/300x300.jpg
Epicerie Salée,f081ef8d-7d33-4ab1-a36c-adf0ed618f1b,MPX_2811001,Panzani sauce tomate aux petits légumes le tube de 180 gr,1.29,7.17,"['Epicerie Salée', 'Sauce et Base culinaire', 'Autres sauces culinaires']",Panzani,True,False,false,2.0,MONTH,180g,[],https://courses.monoprix.fr/images-v3/0c44253f-c4a3-4340-9d37-d41e42b9d14a/bc904489-7ac7-4c96-a46b-0e4940602f1e/300x300.jpg
Epicerie Salée,035fde65-8a35-4c3d-a546-924b1d9a6b5e,MPX_1816416,Sacla Sauce Arrabbiata 190g,2.79,14.68,"['Epicerie Salée', 'Sauce et Base culinaire', 'Sauce tomate cuisinée', 'Sauce arrabbiata']",Sacla,True,False,false,6.0,MONTH,190g,['Produit vegan'],https://courses.monoprix.fr/images-v3/0c44253f-c4a3-4340-9d37-d41e42b9d14a/40ca9bbb-5e4e-400f-a391-3ca9923cd3c6/300x300.jpg
Epicerie Salée,95320d1b-7baa-4c02-8a53-ec4de16e44b4,MPX_883870,De Cecco Pâtes Orecchiette n°91 500g,2.89,5.78,"['Epicerie Salée', 'Pâte, Riz, Céréale et Purée', 'Pâtes', 'Pâtes courtes']",De Cecco,True,False,false,1.0,YEAR,500g,[],https://courses.monoprix.fr/images-v3/0c44253f-c4a3-4340-9d37-d41e42b9d14a/c222b216-d11e-4f5e-86d3-2d39e3712bae/300x300.jpg
Epicerie Salée,36b2ef85-2e66-4d1f-a189-58387c2c9d55,MPX_893121,Monoprix Cacahuètes Grillées & Salées 250g,1.05,4.2,"['Epicerie Salée', 'Produit apéritif', 'Cacahuète, Noix, Amande et Pistache', 'Cacahuète']",Monoprix,True,False,false,2.0,MONTH,250g,[],https://courses.monoprix.fr/images-v3/0c44253f-c4a3-4340-9d37-d41e42b9d14a/0e881716-434c-4464-bac4-a1059c32a14e/300x300.jpg
Epicerie Salée,ff984de5-6a04-4c20-95f8-93464f8377c4,MPX_811408,Monoprix Chips Ondulées Extra Craquantes 150g,1.25,8.33,"['Epicerie Salée', 'Produit apéritif', 'Chips et Biscuit Apéritif', 'Chips']",Monoprix,True,False,false,1.0,MONTH,150g,[],https://courses.monoprix.fr/images-v3/0c44253f-c4a3-4340-9d37-d41e42b9d14a/538ff1a9-9860-40c8-8661-547f6fcb75ce/300x300.jpg
Epicerie Salée,bb9d0cc4-631f-42c7-93c4-c5fd1c576a19,MPX_960614,Monoprix Amandes entières grillées et salées 75g,1.99,26.53,"['Epicerie Salée', 'Produit apéritif', 'Cacahuète, Noix, Amande et Pistache', 'Amande et Pistache']",Monoprix,True,False,false,2.0,MONTH,75g,[],https://courses.monoprix.fr/images-v3/0c44253f-c4a3-4340-9d37-d41e42b9d14a/53e0858d-c39b-43ed-b990-3ca5115f1fee/300x300.jpg
Epicerie Salée,3272f393-8eec-4540-99ea-d6beec0f9af3,MPX_2307207,Coriandre barquette 20g,1.69,1.69,"['Produits du monde', 'Oriental', 'Epices et herbes']",JDM,True,False,false,2.0,DAY,,"['Produit végétarien', 'Produit vegan']",https://courses.monoprix.fr/images-v3/0c44253f-c4a3-4340-9d37-d41e42b9d14a/76bb5a8a-0d5c-4e5e-a53a-87c5bcd5482e/300x300.jpg
Epicerie Salée,68310b78-9fb2-4e48-8d27-7f9afc52aa9f,MPX_2824296,Labeyrie Confit De Canard 2 Cuisses 400g,11.09,27.73,"['Boucherie et Volaille', 'Volaille', 'Canard et caille']",Labeyrie,True,False,false,2.0,MONTH,400g,[],https://courses.monoprix.fr/images-v3/0c44253f-c4a3-4340-9d37-d41e42b9d14a/08623f4e-24bc-4e28-9387-353a41028039/300x300.jpg
Epicerie Salée,13015de8-7c93-4bd1-b9d3-8fa1774416b2,MPX_3947544,Tous Les Jours Morceaux De Thon Au Naturel - 185Gr,1.15,8.85,"['Epicerie Salée', 'Conserve', 'Conserve de poisson', 'Thon au naturel en conserve']",Tous les jours,True,False,false,1.0,YEAR,130g,[],https://courses.monoprix.fr/images-v3/0c44253f-c4a3-4340-9d37-d41e42b9d14a/1b0ac0ee-96bc-4b35-834b-2d8c2e97d34e/300x300.jpg
Epicerie Salée,4d3864de-2b56-4a58-b521-23d5d49ce291,MPX_2483541,Liebig PurSoup' Mouliné de 10 légumes 1L,2.09,2.09,"['Epicerie Salée', 'Soupe et Croûton', 'Soupe Liquide', 'Soupe familiale']",Liebig,True,False,false,2.0,MONTH,1L,[],https://courses.monoprix.fr/images-v3/0c44253f-c4a3-4340-9d37-d41e42b9d14a/c8c95d37-6b4e-435c-a571-b4cf2077a526/300x300.jpg
Epicerie Salée,42c5c1d8-54da-4b22-bef8-51a603672ad1,MPX_1684339,Monoprix Blinis 200g,1.32,6.6,"['Pain et Viennoiserie', 'Toast, Canapé et Blini', 'Blini']",Monoprix,True,False,false,1.0,WEEK,200g,[],https://courses.monoprix.fr/images-v3/0c44253f-c4a3-4340-9d37-d41e42b9d14a/4bac4c4b-f29c-4191-b403-a60f9acfc63c/300x300.jpg
Epicerie Salée,01208cca-9d00-4efc-a15c-a95b61991d00,MPX_1118932,Old El Paso Mélange aux Epices pour Guacamole 20g,1.59,79.5,"['Produits du monde', 'Mexique - México', 'Sauces et Accompagnements']",Old el Paso,True,False,false,2.0,MONTH,20g,[],https://courses.monoprix.fr/images-v3/0c44253f-c4a3-4340-9d37-d41e42b9d14a/36d007fb-4615-471a-bf9f-3278b50383e6/300x300.jpg
Epicerie Salée,ba3ca554-4bf7-4ccc-888b-dd7c833477f6,MPX_1182734,Monoprix Cœurs de palmiers croquants 220g,2.65,12.05,"['Mes marques Monoprix', 'Monoprix', 'Epicerie salée', 'Conserve et Plat Cuisiné']",Monoprix,True,False,false,1.0,YEAR,220g,[],https://courses.monoprix.fr/images-v3/0c44253f-c4a3-4340-9d37-d41e42b9d14a/70fe0153-6682-4ea5-a87a-9a09a39bc8e7/300x300.jpg
Epicerie Salée,3a74c540-ebd3-4497-b61c-3872ceb92fe0,MPX_2409638,Cassegrain Ratatouille Cuisinée À La Provençale 185G,2.55,13.78,"['Epicerie Salée', 'Conserve', 'Conserve de légume', 'Jardinière et Macédoine en conserve']",Cassegrain,True,False,false,6.0,MONTH,185g,['Produit vegan'],https://courses.monoprix.fr/images-v3/0c44253f-c4a3-4340-9d37-d41e42b9d14a/d7681e81-04dd-4694-ae44-60378befae44/300x300.jpg
Epicerie Salée,a0c2a417-0389-4667-a25a-349d6c6698e4,MPX_3550873,Monoprix Bio Pois Chiches Bio 265g,2.39,9.02,"['Bio', 'Epicerie salée bio', 'Conserve bio']",Monoprix Bio,True,False,false,1.0,YEAR,265g,['Produit bio'],https://courses.monoprix.fr/images-v3/0c44253f-c4a3-4340-9d37-d41e42b9d14a/bc69f445-3eab-45ab-8ee8-2b90d1ac02a1/300x300.jpg
Epicerie Salée,1651c6b3-ffd4-41a1-9b74-9ce48a1fe518,MPX_899344,Panzani Ravioli Pur Boeuf 400g,1.99,4.98,"['Epicerie Salée', 'Conserve', 'Plat cuisiné en conserve']",Panzani,True,False,false,1.0,YEAR,400g,[],https://courses.monoprix.fr/images-v3/0c44253f-c4a3-4340-9d37-d41e42b9d14a/a4b1e0a9-fbff-4259-8024-73931d222bf1/300x300.jpg
Epicerie Salée,cc5b0f68-5320-45b8-8ee7-e2ec2ffc5909,MPX_2060102,Heinz Tomato Ketchup Top Down 250g,1.65,6.6,"['Nos sélections', 'Inspiration du moment', '& Tout pour faire son burger', 'Sauces, Condiments et Epices']",Heinz,True,False,false,2.0,MONTH,250g,[],https://courses.monoprix.fr/images-v3/0c44253f-c4a3-4340-9d37-d41e42b9d14a/827bed7e-0e4f-4d60-b0b0-3ff6060c5df2/300x300.jpg
Epicerie Salée,fe0a493a-b052-42a8-b5f6-dbf3567b45f7,MPX_2588177,Bio Organic Terra Delyssa Huile D'Olive Vierge 75Cl,11.9,15.87,"['Epicerie Salée', 'Assaisonnement et Condiment', 'Huile', ""Huile d'olive""]",Terra Delyssa,True,False,false,6.0,MONTH,750ml,['Produit bio'],https://courses.monoprix.fr/images-v3/0c44253f-c4a3-4340-9d37-d41e42b9d14a/19ae7bae-9582-426a-8f4b-4093094ff7b6/300x300.jpg
Epicerie Salée,901c93ce-e911-40b6-b66f-a677ae5053b1,MPX_2005496,Heinz la Sauce Tomate Cuisinée Ail & Oignons brique 520g,1.89,3.63,"['Epicerie Salée', 'Sauce et Base culinaire', 'Concentré, Coulis et Purée']",Heinz,True,False,false,6.0,MONTH,520g,[],https://courses.monoprix.fr/images-v3/0c44253f-c4a3-4340-9d37-d41e42b9d14a/5e61a017-486f-4207-8106-ab748325c719/300x300.jpg
Epicerie Salée,1d30c44e-ee00-446a-ad7b-3dfc59c289f8,MPX_3343724,Petit Navire Thon Albacore Entier Au Naturel 2X140G,5.69,20.32,"['Epicerie Salée', 'Conserve', 'Conserve de poisson', 'Thon au naturel en conserve']",Petit navire,True,False,false,1.0,YEAR,280g,[],https://courses.monoprix.fr/images-v3/0c44253f-c4a3-4340-9d37-d41e42b9d14a/5b0d17c9-0c7c-4f06-b907-8c771148d189/300x300.jpg
Epicerie Salée,6235727b-0ea9-4083-bd4c-43a44bf9f8d4,MPX_3418072,Ancel sticks & bretzels d'Alsace le pot de 300g,2.65,8.83,"['Epicerie Salée', 'Produit apéritif', 'Chips et Biscuit Apéritif', 'Crackers et Bretzel']",Ancel,True,False,false,1.0,MONTH,300g,[],https://courses.monoprix.fr/images-v3/0c44253f-c4a3-4340-9d37-d41e42b9d14a/08022e64-dc67-4582-8cb1-11a131e74322/300x300.jpg
Epicerie Salée,b74a43c1-55e6-4356-8ef3-0ae7106b9c5c,MPX_2133928,Atelier Blini Tarama Aux Œufs De Cabillaud Le Pot De 175G,4.95,28.29,"['Epicerie Salée', 'Produit apéritif', 'Tartinable et Produit de la Mer', 'Houmous et Tarama']",Atelier blini,True,False,false,1.0,WEEK,175g,['Produit bio'],https://courses.monoprix.fr/images-v3/0c44253f-c4a3-4340-9d37-d41e42b9d14a/746705ce-0c3e-4e57-8bca-d6a8e60e5022/300x300.jpg
Epicerie Salée,90156d3b-dfdb-4ab3-9d87-e500383688a9,MPX_1948490,Mutti Pulpe Fine De Tomates Boite 2X210G,1.95,4.64,"['Epicerie Salée', 'Sauce et Base culinaire', 'Concentré, Coulis et Purée']",Mutti,True,False,false,6.0,MONTH,2 x 210g,['Produit vegan'],https://courses.monoprix.fr/images-v3/0c44253f-c4a3-4340-9d37-d41e42b9d14a/1a729d2a-f743-4561-8ea8-c22dbf8edc19/300x300.jpg
Epicerie Salée,8f249ff1-81a3-4fde-999f-d403d5c3d0a5,MPX_1684340,Monoprix Mini blinis 135g,1.19,8.81,"['Pain et Viennoiserie', 'Toast, Canapé et Blini', 'Blini']",Monoprix,True,False,false,1.0,WEEK,135g,[],https://courses.monoprix.fr/images-v3/0c44253f-c4a3-4340-9d37-d41e42b9d14a/bf07acf2-daa9-43e3-b74f-7d1c90cc849c/300x300.jpg
Epicerie Salée,056ff394-cd89-4104-9a26-7040d7814306,MPX_2949582,Wyke farms tranche de cheddar mature x8 tranches 160g,3.29,20.56,"['Produits du monde', 'Royaume-Uni - UK', 'Chips, Fromages, Sauces et Autres']",Wyke Farms,True,False,false,2.0,WEEK,160g,[],https://courses.monoprix.fr/images-v3/0c44253f-c4a3-4340-9d37-d41e42b9d14a/5fa5f54f-eafe-4234-875a-06cc4807f061/300x300.jpg
Epicerie Salée,14215664-5a5a-4995-ad12-9689105df377,MPX_1175452,Tipiak Couscous Moyen 1 kg,2.69,2.69,"['Epicerie Salée', 'Pâte, Riz, Céréale et Purée', 'Blé, Semoule et Céréales', 'Blé et Semoule']",Tipiak,True,False,false,6.0,MONTH,1kg,"['Produit halal', 'Produit vegan', 'Produit casher']",https://courses.monoprix.fr/images-v3/0c44253f-c4a3-4340-9d37-d41e42b9d14a/8d949f52-023e-4918-8209-efabf9d5ca0b/300x300.jpg
Epicerie Salée,397fb494-690f-47b0-b88a-267a41cd1d8a,MPX_3330930,Monoprix Gourmet Fusilli extrudées au bronze 500g,2.39,4.78,"['Epicerie Salée', 'Pâte, Riz, Céréale et Purée', 'Pâtes', 'Pâtes courtes']",Monoprix Gourmet,True,False,false,1.0,YEAR,500g,[],https://courses.monoprix.fr/images-v3/0c44253f-c4a3-4340-9d37-d41e42b9d14a/9268757a-91bc-4856-bb0e-a19b32fa22d3/300x300.jpg
Epicerie Salée,b72c042d-b1dc-407e-96e1-cf9853d8c35b,MPX_2612107,Florelli Gressins Torinesi Classique Sans Huile de Palme 125g,2.19,17.52,"['Produits du monde', 'Italie - Italia', 'Gressin, Tartinable et Condiment']",Florelli,True,False,false,2.0,MONTH,125g,[],https://courses.monoprix.fr/images-v3/0c44253f-c4a3-4340-9d37-d41e42b9d14a/bd824ef6-6561-4f7e-99fc-188c1afc7db4/300x300.jpg
Epicerie Salée,4ddbc959-524f-4784-bcb4-3067c344e0bc,MPX_3753706,Bonduelle Champignon Émincé Sans Sulfite 2x115g,2.59,11.26,"['Epicerie Salée', 'Conserve', 'Conserve de légume', 'Champignon en conserve']",Bonduelle,True,False,false,1.0,YEAR,2 x 115g,['Produit vegan'],https://courses.monoprix.fr/images-v3/0c44253f-c4a3-4340-9d37-d41e42b9d14a/0a3bc69b-a8e0-401f-bdf6-b31c5f559fe4/300x300.jpg
Epicerie Salée,041cccfe-ed86-493d-8396-9020d9d87932,MPX_4218886,Monoprix Double concentré de tomate 2x140g,1.59,5.68,"['Nos recettes', 'Recettes de Chefs', '& Sphaghettoni bouillon de crevettes']",Monoprix,True,False,false,6.0,MONTH,2 x 140g,[],https://courses.monoprix.fr/images-v3/0c44253f-c4a3-4340-9d37-d41e42b9d14a/6cd4e391-a690-492b-ae51-0e8082467de9/300x300.jpg
Epicerie Salée,7549c129-48d6-45bd-8aca-7147b2ec0ea6,MPX_1815789,Heinz Ketchup Bio 580g,3.09,5.33,"['Nos recettes', 'Recettes du Monde', '& Le burger facile']",Heinz,True,False,false,2.0,MONTH,580g,['Produit bio'],https://courses.monoprix.fr/images-v3/0c44253f-c4a3-4340-9d37-d41e42b9d14a/5a764f7a-5c05-47be-b4be-da6db9ec4d02/300x300.jpg
Epicerie Salée,e103ca92-d73f-4c0a-b2d8-2757f3d2fbb4,MPX_4788070,Monoprix maïs doux sans résidus de pesticides 285g,0.95,3.33,"['Nos sélections', 'Inspiration du moment', 'Nos coups de coeur Origine France']",Monoprix,True,False,false,1.0,YEAR,285g,[],https://courses.monoprix.fr/images-v3/0c44253f-c4a3-4340-9d37-d41e42b9d14a/4957afde-4b4c-4b38-8987-460a4f200ce6/300x300.jpg
Epicerie Salée,31a1b97b-5333-46f3-8e08-0d6d69902da7,MPX_3291879,Soignon Chèvres Chauds Prêt À Dorer 4x25g,2.99,29.9,"['Epicerie Salée', 'Produit apéritif', 'Fromage apéritif']",Soignon,True,False,false,2.0,WEEK,100g,[],https://courses.monoprix.fr/images-v3/0c44253f-c4a3-4340-9d37-d41e42b9d14a/e0afda11-cb9c-4674-9851-c112d9aacb17/300x300.jpg
Epicerie Salée,5a219be7-4cad-4cef-b6f0-152d876f7af9,MPX_2653581,Rummo Fusilli N°48 Sans Gluten 400g,3.29,8.23,"['Produits du monde', 'Italie - Italia', 'Pâtes, Riz et Risotto']",Rummo,True,False,false,6.0,MONTH,400g,[],https://courses.monoprix.fr/images-v3/0c44253f-c4a3-4340-9d37-d41e42b9d14a/1315434e-bfcb-45ff-ba96-8bdfa8f75db6/300x300.jpg
Epicerie Salée,22df423b-3874-417e-80ee-7d9688adae25,MPX_641,Maille L'Original Cornichons Extra-Fins Bocal 380g,4.35,11.45,"['Nos sélections', 'Inspiration du moment', '& Fondus de la raclette', 'Légumes Frais & Condiments']",Maille,True,False,false,2.0,MONTH,380g,['Produit vegan'],https://courses.monoprix.fr/images-v3/0c44253f-c4a3-4340-9d37-d41e42b9d14a/664d1ea8-e1d2-4112-8fa1-a2f2d5b96fe1/300x300.jpg
Epicerie Salée,eb0ccb99-b06d-4af7-9f16-851fe421b6e6,MPX_1042762,Monoprix Penne Rigate Qualité Supérieure 500G,0.99,1.98,"['Epicerie Salée', 'Pâte, Riz, Céréale et Purée', 'Pâtes', 'Pâtes courtes']",Monoprix,True,False,false,1.0,YEAR,500g,[],https://courses.monoprix.fr/images-v3/0c44253f-c4a3-4340-9d37-d41e42b9d14a/42d5564d-035f-4e08-b8d5-34823360a715/300x300.jpg
Epicerie Salée,e965de5e-d816-4e7d-a4e0-5658cc481761,MPX_660260,Saupiquet Filets de Thon à L'huile d'Olive Vierge Extra 81g,2.89,35.68,"['Epicerie Salée', 'Conserve', 'Conserve de poisson', 'Thon aromatisé en conserve']",Saupiquet,True,False,false,1.0,YEAR,81g,[],https://courses.monoprix.fr/images-v3/0c44253f-c4a3-4340-9d37-d41e42b9d14a/3335484e-cd7e-42b1-b82f-78d317566fdc/300x300.jpg
Epicerie Salée,31ae7171-d9b2-4c32-922a-9d2dfc5e5559,MPX_1800501,Old El Paso Wraps De Blé Complet 350g,3.49,9.97,"['Produits du monde', 'Mexique - México', 'Tortilla et Wrap']",Old el paso,True,False,false,2.0,MONTH,350g,['Produit vegan'],https://courses.monoprix.fr/images-v3/0c44253f-c4a3-4340-9d37-d41e42b9d14a/03ffe9f1-20b6-4d1f-aa7e-bde5b62379b8/300x300.jpg
Epicerie Salée,4abb4b7f-c325-4f75-ab31-e71b67b63a71,MPX_6224936,Lay's - Chips recette ancienne nature - Le sachet de 155g,1.85,11.94,"['Epicerie Salée', 'Produit apéritif', 'Chips et Biscuit Apéritif', 'Chips']",Lay's,True,False,false,4.0,WEEK,155g,[],https://courses.monoprix.fr/images-v3/0c44253f-c4a3-4340-9d37-d41e42b9d14a/62d8088f-8efc-44a9-8dc4-c896c9c58a21/300x300.jpg
Epicerie Salée,d7cb5b4c-0624-4980-8b83-7a119501b802,MPX_2261481,Greenshoot Soupe Courgette Parmesan & Noisettes 1 L,5.79,5.79,"['Fruits & Légumes', 'Soupes & Purées', 'Soupes à réchauffer']",Greenshoot,True,False,false,1.0,WEEK,1L,[],https://courses.monoprix.fr/images-v3/0c44253f-c4a3-4340-9d37-d41e42b9d14a/6f2f1fe2-44f7-4ca3-a98a-909a56ee5a8f/300x300.jpg
Epicerie Salée,6f32a9b7-7860-48a6-ac88-ca33403bd6c2,MPX_3044287,Regent's Park muffins pur beurre x4 250g,3.59,14.36,"['Produits du monde', 'Royaume-Uni - UK', 'Biscuits, Confitures et Pâtes à tartiner']",REGENT'S PARK,True,False,false,1.0,WEEK,250g,[],https://courses.monoprix.fr/images-v3/0c44253f-c4a3-4340-9d37-d41e42b9d14a/366a29d3-6fb1-40a5-855d-6321144033c2/300x300.jpg
Epicerie Salée,95d74cbf-f72f-4c1a-9294-5d857797e2a6,MPX_2948735,Panzani Sauce Tomacouli Nature 3 X 200G,1.99,3.32,"['Epicerie Salée', 'Sauce et Base culinaire', 'Concentré, Coulis et Purée']",Panzani,True,False,false,6.0,MONTH,600g,[],https://courses.monoprix.fr/images-v3/0c44253f-c4a3-4340-9d37-d41e42b9d14a/560cbca4-43cd-4b3e-a915-f51f8097ac32/300x300.jpg
Epicerie Salée,64976442-f07d-4360-a2b6-a3a82d1628e7,MPX_1171702,Monoprix Sauce tomate basilic sans sucres ajoutés 420g,1.55,3.69,"['Mes marques Monoprix', 'Monoprix', 'Epicerie salée', 'Sauce et Condiment']",Monoprix,True,False,false,1.0,YEAR,420g,[],https://courses.monoprix.fr/images-v3/0c44253f-c4a3-4340-9d37-d41e42b9d14a/e1633e02-5a57-447c-8009-f9d48e3211c3/300x300.jpg
Epicerie Salée,44396ba3-1165-41c0-a86a-bf236e451f21,MPX_4246679,Monoprix Pesto Rosso 190g,1.99,10.47,"['Mes marques Monoprix', 'Monoprix', 'Epicerie salée', 'Sauce et Condiment']",Monoprix,True,False,false,6.0,MONTH,190g,[],https://courses.monoprix.fr/images-v3/0c44253f-c4a3-4340-9d37-d41e42b9d14a/b73369eb-f619-4990-bc40-2eab1bb0db64/300x300.jpg
Epicerie Sucrée,5b9af542-577c-4efe-8161-08ab9939e2be,MPX_2809731,Lindt Excellence Tablette Chocolat Noir 70 % De Cacao 100g,1.99,19.9,"['Promotions', 'Les promos à ne pas manquer', 'Le 2ème à moins 50%']",Lindt,True,False,false,2.0,MONTH,100g,[],https://courses.monoprix.fr/images-v3/0c44253f-c4a3-4340-9d37-d41e42b9d14a/7fde4a00-0cec-4034-93b5-801401f58d40/300x300.jpg
Epicerie Sucrée,e1a25f0c-8214-4595-b84b-e26901819069,MPX_2443497,Lindt Tablette Excellence Noir À La Pointe De Fleur De Sel 100g,2.19,21.9,"['Promotions', 'Les promos à ne pas manquer', 'Le 2ème à moins 50%']",Lindt,True,False,false,2.0,MONTH,100g,[],https://courses.monoprix.fr/images-v3/0c44253f-c4a3-4340-9d37-d41e42b9d14a/fb74cf8a-f78b-402d-816f-2a0451346c52/300x300.jpg
Epicerie Sucrée,f21ab9d1-0f53-4771-a14b-29ef681c4499,MPX_2809732,Lindt Excellence Tablette Chocolat Noir 85% De Cacao 100g,1.99,19.9,"['Promotions', 'Les promos à ne pas manquer', 'Le 2ème à moins 50%']",Lindt,True,False,false,2.0,MONTH,100g,[],https://courses.monoprix.fr/images-v3/0c44253f-c4a3-4340-9d37-d41e42b9d14a/89fdf42e-cbd3-4180-9cf8-9fe7c8f30db1/300x300.jpg
Epicerie Sucrée,79e5b6d7-638f-457d-8086-2d1b6831ab0c,MPX_2443467,Lindt Excellence Tablette Chocolat Lait Extra-Fondant 100g,1.99,19.9,"['Promotions', 'Les promos à ne pas manquer', 'Le 2ème à moins 50%']",Lindt,True,False,false,2.0,MONTH,100g,[],https://courses.monoprix.fr/images-v3/0c44253f-c4a3-4340-9d37-d41e42b9d14a/d3f5104a-657e-44de-8028-844526808b88/300x300.jpg
Epicerie Sucrée,60389211-3c0a-4051-aea6-a44a4a4fa7a4,MPX_1834727,Monoprix Madeleines Longues Natures Aux Oeufs Frais X16,1.05,4.77,"['Promotions', 'Promo Epicerie', 'Promo Epicerie Sucrée']",Monoprix,True,False,false,1.0,MONTH,220g,[],https://courses.monoprix.fr/images-v3/0c44253f-c4a3-4340-9d37-d41e42b9d14a/c31387d7-8406-4f26-94b6-4e2c21d06968/300x300.jpg
Epicerie Sucrée,ac77c25d-8c1c-4bc0-83b2-8d8dee4907b4,MPX_1894583,Granola Cookies aux gros éclats de Chocolat 184g,2.35,12.77,"['Nos sélections', 'Boutique Enfants', 'Pour le goûter de vos enfants', 'Biscuit et Goûter']",Granola,True,False,false,2.0,MONTH,184g,[],https://courses.monoprix.fr/images-v3/0c44253f-c4a3-4340-9d37-d41e42b9d14a/773f4ed1-06f8-41cf-944a-bb6c84e0aff6/300x300.jpg
Epicerie Sucrée,a6a428d4-75de-423a-8e88-54eb5d34431c,MPX_4042014,Lu Napolitain L'Original Gâteaux au Chocolat 180g,1.99,11.06,"['Promotions', 'Les promos à ne pas manquer', 'Le 2ème à moins 50%']",Napolitain,True,False,false,1.0,MONTH,6 x 30g,[],https://courses.monoprix.fr/images-v3/0c44253f-c4a3-4340-9d37-d41e42b9d14a/46675aac-b56b-43c8-b6c6-70e4b4cdaf3d/300x300.jpg
Epicerie Sucrée,a691f4ea-6024-42ab-9b23-57320d77d38e,MPX_3648532,Monoprix Farine De Blé Type 55 1kg,0.99,0.99,"['Nos sélections', 'Inspiration du moment', ""& La pâtisserie c'est du gâteau"", 'Sucre, Farine et Aide à la pâtisserie']",MONOPRIX,True,False,false,2.0,MONTH,1kg,[],https://courses.monoprix.fr/images-v3/0c44253f-c4a3-4340-9d37-d41e42b9d14a/a0c8c183-9bbf-40dc-ade3-0f0456ab02bb/300x300.jpg
Epicerie Sucrée,b2e6cae1-0ef1-4ae4-9d68-af5ab97ac4ee,MPX_2118481,Lindt Excellence Tablette Chocolat Noir Subtil 70 % De Cacao 100g,1.99,19.9,"['Promotions', 'Les promos à ne pas manquer', 'Le 2ème à moins 50%']",Lindt,True,False,false,2.0,MONTH,100g,[],https://courses.monoprix.fr/images-v3/0c44253f-c4a3-4340-9d37-d41e42b9d14a/68c1850e-00e8-4dcd-b25c-2b84dd4cc447/300x300.jpg
Epicerie Sucrée,08044450-ef00-4578-9edc-57f10efaafe5,MPX_2810343,Lindt Excellence Tablette Chocolat Noir Orange Intense 100g,1.99,19.9,"['Promotions', 'Les promos à ne pas manquer', 'Le 2ème à moins 50%']",Lindt,True,False,false,2.0,MONTH,100g,[],https://courses.monoprix.fr/images-v3/0c44253f-c4a3-4340-9d37-d41e42b9d14a/750ba45c-713a-4364-a6dd-3da7be35e874/300x300.jpg
Epicerie Sucrée,11eef64e-efa2-45e3-ba42-eef70f2826aa,MPX_2837890,Carte Noire Café Moulu Arôme Intense 3 x 250g,13.5,18.0,"['Epicerie Sucrée', 'Café, Thé et Boisson chaude', 'Café', 'Moulu, Arabica, Robusta']",Carte Noire,True,False,false,2.0,MONTH,3 x 250g,[],https://courses.monoprix.fr/images-v3/0c44253f-c4a3-4340-9d37-d41e42b9d14a/b50079b7-66bf-48fe-a097-d1eae6fc0a9f/300x300.jpg
Epicerie Sucrée,72e78414-2388-4c7f-a6d2-38c6ca7888d9,MPX_2838764,Côte D'Or Tablette Chocolat Noir Aux Noisettes Entières 180g,3.45,19.17,"['Promotions', 'Les promos à ne pas manquer', 'Le 2ème à moins 50%']",Côte d'Or,True,False,false,2.0,MONTH,180g,[],https://courses.monoprix.fr/images-v3/0c44253f-c4a3-4340-9d37-d41e42b9d14a/c5598c2e-af57-4e06-b22f-f8a5c76b1aa9/300x300.jpg
Epicerie Sucrée,d75e8cb7-5c79-4964-a4a4-a34a46a343b6,MPX_3648530,Monoprix Farine De Blé Fluide Type 45 1kg,1.29,1.29,"['Nos sélections', 'Inspiration du moment', ""& La pâtisserie c'est du gâteau"", 'Sucre, Farine et Aide à la pâtisserie']",MONOPRIX,True,False,false,2.0,MONTH,1kg,[],https://courses.monoprix.fr/images-v3/0c44253f-c4a3-4340-9d37-d41e42b9d14a/d715f502-bc02-4623-ba1f-1d1855a716c8/300x300.jpg
Epicerie Sucrée,d4da7e9a-8676-4fc0-8d64-deed7ed20e3a,MPX_2838715,Côte D'Or Tablette Chocolat Au Lait Noisettes Entières 180g,3.55,19.72,"['Promotions', 'Les promos à ne pas manquer', 'Le 2ème à moins 50%']",Cote D'Or,True,False,false,2.0,MONTH,180g,[],https://courses.monoprix.fr/images-v3/0c44253f-c4a3-4340-9d37-d41e42b9d14a/3bff5763-1e91-4a6b-8fd1-e554ffe8c800/300x300.jpg
Epicerie Sucrée,d3780818-beea-446c-99b0-c7a6204724a2,MPX_6630699,L'Or espresso delizioso café en capsules x50 intensite 5 - 260g,14.5,55.77,"['Epicerie Sucrée', 'Café, Thé et Boisson chaude', 'Café', 'Compatible Nespresso']",L'Or,True,False,false,2.0,MONTH,260g,[],https://courses.monoprix.fr/images-v3/0c44253f-c4a3-4340-9d37-d41e42b9d14a/a5c18518-bba7-4b5a-aa41-83273f0f2037/300x300.jpg
Epicerie Sucrée,e1115488-afb6-4cc2-83b9-68a6208c6db9,MPX_1760975,Lindt Excellence Tablette Chocolat Noir Prodigieux 90% De Cacao 100g,2.45,24.5,"['Promotions', 'Les promos à ne pas manquer', 'Le 2ème à moins 50%']",Lindt,True,False,false,2.0,MONTH,100g,[],https://courses.monoprix.fr/images-v3/0c44253f-c4a3-4340-9d37-d41e42b9d14a/66c7892e-e465-4404-ae7d-07612ce46f58/300x300.jpg
Epicerie Sucrée,1dba5050-5313-466b-b023-2dbaa986db81,MPX_2824382,Kinder Calendrier De L'avent Chalet 184g,10.39,56.47,"['Noël', ""Calendriers de l'Avent"", 'Chocolats']",KINDER,True,False,false,2.0,WEEK,184g,[],https://courses.monoprix.fr/images-v3/0c44253f-c4a3-4340-9d37-d41e42b9d14a/f297df71-a79c-4481-8cbd-aecbc6ee761e/300x300.jpg
Epicerie Sucrée,6c7f3077-8d35-4f28-8d0b-300ec873c68f,MPX_6630698,L'Or espresso splendente café en capsules x50 intensite 7 - 260g,14.5,55.77,"['Epicerie Sucrée', 'Café, Thé et Boisson chaude', 'Café', 'Compatible Nespresso']",L'Or,True,False,false,2.0,MONTH,260g,[],https://courses.monoprix.fr/images-v3/0c44253f-c4a3-4340-9d37-d41e42b9d14a/b51aaa49-854e-4e14-95b3-f52db0031fbf/300x300.jpg
Epicerie Sucrée,f16f6ff4-5c9e-45bf-9f1c-4985df2678f6,MPX_2468033,Bonne Maman Petits muffins chocolat 235g,3.09,13.15,"['Promotions', 'Les promos à ne pas manquer', 'Le 2ème à moins 50%']",Bonne Maman,True,False,false,1.0,MONTH,235g,[],https://courses.monoprix.fr/images-v3/0c44253f-c4a3-4340-9d37-d41e42b9d14a/c5694b98-5629-4672-8bf8-72d53b2b5143/300x300.jpg
Epicerie Sucrée,4bb837c3-3a74-4333-bf70-bcea82918066,MPX_3499274,Illy Café Espresso Classico 100% Arabica x10 capsules 57g,4.99,87.54,"['Epicerie Sucrée', 'Café, Thé et Boisson chaude', 'Café', 'Compatible Nespresso']",Illy,True,False,false,6.0,MONTH,57g,[],https://courses.monoprix.fr/images-v3/0c44253f-c4a3-4340-9d37-d41e42b9d14a/cbb4ecae-6e3d-428f-b6df-48fb1923ab0f/300x300.jpg
Epicerie Sucrée,1938a1fa-58e2-4fd5-afd5-8102e9373ac5,MPX_2456304,La Mère Poulard Sablés pur beurre 125g,1.89,15.12,"['Nos régions de France', 'Normandie', 'Biscuit, cake et tarte normande']",La mère Poulard,True,False,false,2.0,MONTH,125g,[],https://courses.monoprix.fr/images-v3/0c44253f-c4a3-4340-9d37-d41e42b9d14a/b173a1ba-aaaa-4989-9941-9c0767c8aa22/300x300.jpg
Epicerie Sucrée,592431ef-d5b8-4a61-9fed-13970ff9da37,MPX_342223,Côte D'Or L'original Tablette Chocolat Au Lait 200g,2.75,13.75,"['Promotions', 'Les promos à ne pas manquer', 'Le 2ème à moins 50%']",Côte d'Or,True,False,false,2.0,MONTH,200g,[],https://courses.monoprix.fr/images-v3/0c44253f-c4a3-4340-9d37-d41e42b9d14a/d4a769b4-ccbe-402f-8180-8803f2d2e100/300x300.jpg
Epicerie Sucrée,08e2f3ca-07a4-4df5-a887-4fb95d3bd292,MPX_6630701,L'Or espresso ristretto café en capsules x50 intensite 11 - 260g,14.5,55.77,"['Epicerie Sucrée', 'Café, Thé et Boisson chaude', 'Café', 'Compatible Nespresso']",L'Or,True,False,false,2.0,MONTH,260g,[],https://courses.monoprix.fr/images-v3/0c44253f-c4a3-4340-9d37-d41e42b9d14a/ce773455-0090-4a47-8ec9-0fca9bdbdc89/300x300.jpg
Epicerie Sucrée,ec50e453-b910-4fbd-8fff-30ae9a765663,MPX_3292286,Maison Colibri Madeleines coque chocolat pur beurre 240g,5.39,22.46,"['Promotions', 'Les promos à ne pas manquer', 'Promo 30% de remise immédiate']",Maison colibri,True,False,false,1.0,MONTH,240g,[],https://courses.monoprix.fr/images-v3/0c44253f-c4a3-4340-9d37-d41e42b9d14a/c04b22f1-2919-479a-a1d8-5e1c028de3f7/300x300.jpg
Epicerie Sucrée,84214ea4-ef53-4e19-ba16-344aa6a3ce7b,MPX_3254470,Nutella Pâte À Tartiner Nutella Noisettes Et Cacao 1 kg,7.69,7.69,"['Nos sélections', 'Nos marques du moment', ""Promogaming Fin d'année 2024""]",Nutella,True,False,false,2.0,MONTH,1kg,[],https://courses.monoprix.fr/images-v3/0c44253f-c4a3-4340-9d37-d41e42b9d14a/04f71a43-1d16-4fd9-9f89-7a03d5b546b3/300x300.jpg
Epicerie Sucrée,565bac74-ae6e-4e42-8eff-6de4597d367f,MPX_2699352,RICORE Recharge café chicorée soluble 180g,3.79,21.06,"['Epicerie Sucrée', 'Café, Thé et Boisson chaude', 'Café', 'Soluble, Chicorée']",Ricoré,True,False,false,6.0,MONTH,180g,[],https://courses.monoprix.fr/images-v3/0c44253f-c4a3-4340-9d37-d41e42b9d14a/b0d6d756-e374-461f-bf2e-f9d1446a06ae/300x300.jpg
Epicerie Sucrée,6e2e9c06-733f-434d-94f3-38ec0db98525,MPX_6678792,Mikado chocolat noir 100g,1.99,19.9,"['Promotions', 'Les promos à ne pas manquer', 'Le 2ème à moins 50%']",Mikado,True,False,false,1.0,MONTH,100g,[],https://courses.monoprix.fr/images-v3/0c44253f-c4a3-4340-9d37-d41e42b9d14a/eede0c13-727d-44e6-8270-95818714c473/300x300.jpg
Epicerie Sucrée,ec2de0ea-abec-400e-a8f1-5e09db68182d,MPX_1894694,Oreo Original Biscuits fourrés à la Vanille 154g,1.45,9.42,"['Nos sélections', 'Boutique Enfants', 'Pour le goûter de vos enfants', 'Biscuit et Goûter']",Oreo,True,False,false,2.0,MONTH,154g,[],https://courses.monoprix.fr/images-v3/0c44253f-c4a3-4340-9d37-d41e42b9d14a/fc71985f-cb16-409e-a74d-636de8b5188a/300x300.jpg
Epicerie Sucrée,62464832-1c53-4e3a-afaa-eb639066153c,MPX_6678791,Mikado Chocolat au Lait 100g,1.99,19.9,"['Promotions', 'Les promos à ne pas manquer', 'Le 2ème à moins 50%']",LU,True,False,false,2.0,MONTH,100g,[],https://courses.monoprix.fr/images-v3/0c44253f-c4a3-4340-9d37-d41e42b9d14a/0205e8d9-b43b-48f1-80e8-553d26d4f4b4/300x300.jpg
Epicerie Sucrée,59c715cd-afb4-49e3-bdd8-4eac0fa13b9f,MPX_6630700,L'Or espresso forza café en capsules x50 intensite 9 - 260g,14.5,55.77,"['Epicerie Sucrée', 'Café, Thé et Boisson chaude', 'Café', 'Compatible Nespresso']",L'Or,True,False,false,2.0,MONTH,260g,[],https://courses.monoprix.fr/images-v3/0c44253f-c4a3-4340-9d37-d41e42b9d14a/74fe17e4-bb0e-47de-817b-09cb3e6e0928/300x300.jpg
Epicerie Sucrée,a68aad7d-b67c-4202-9bf7-8a3c9475422a,MPX_2809733,Lindt Excellence Tablette Chocolat Noir Caramel Pointe De Sel 100g,2.19,21.9,"['Promotions', 'Les promos à ne pas manquer', 'Le 2ème à moins 50%']",Lindt,True,False,false,2.0,MONTH,100g,[],https://courses.monoprix.fr/images-v3/0c44253f-c4a3-4340-9d37-d41e42b9d14a/398c565f-4895-4f5c-a12e-432bdc515891/300x300.jpg
Epicerie Sucrée,eb7f53df-acd6-4720-ae69-7da0e1086880,MPX_2468987,Lindt Excellence Tablette Chocolat Noir Sésame Grillé 100g,2.75,27.5,"['Promotions', 'Les promos à ne pas manquer', 'Le 2ème à moins 50%']",Lindt,True,False,false,2.0,MONTH,100g,[],https://courses.monoprix.fr/images-v3/0c44253f-c4a3-4340-9d37-d41e42b9d14a/8353fb6f-7243-4996-bab9-4d3665a0655b/300x300.jpg
Epicerie Sucrée,6d8a9535-3f8d-4879-ba43-91a49a2e9bb3,MPX_5094786,Délichoc Tablette Chocolat Au Lait Croustillant 150 g,2.25,15.0,"['Promotions', 'Les promos à ne pas manquer', 'Le 2ème à moins 50%']",Delichoc,True,False,false,1.0,MONTH,150g,[],https://courses.monoprix.fr/images-v3/0c44253f-c4a3-4340-9d37-d41e42b9d14a/307c4399-e509-4e0a-9784-223ebfcd23e3/300x300.jpg
Epicerie Sucrée,e34275f5-130e-477a-9d29-ab9ade261c43,MPX_2650801,St Michel 24 Madeleines individuelles 600 g,4.99,8.32,"['Epicerie Sucrée', 'Gâteau, Crêpe et Gaufre', 'Madeleine, Financier et Muffin']",St Michel,True,False,false,1.0,MONTH,600g,[],https://courses.monoprix.fr/images-v3/0c44253f-c4a3-4340-9d37-d41e42b9d14a/2c096e48-581c-493c-a0ec-694adbc58b1b/300x300.jpg
Epicerie Sucrée,b32d1479-63db-43e9-a816-9a20f250b13f,MPX_4175593,Starbucks By Nespresso Blonde Capsules de café blonde Espresso intensité 6 x18,7.49,79.68,"['Epicerie Sucrée', 'Café, Thé et Boisson chaude', 'Café', 'Compatible Nespresso']",Starbucks,True,False,false,2.0,MONTH,94g,[],https://courses.monoprix.fr/images-v3/0c44253f-c4a3-4340-9d37-d41e42b9d14a/a2abb6b4-e99f-444f-a3a6-4cdf85bb51f7/300x300.jpg
Epicerie Sucrée,2238b98a-513d-4443-9cf5-1c90fae90177,MPX_2185847,Bonne Maman Gâteau Marbré Au Chocolat 475G,4.85,10.21,"['Nos sélections', 'Inspiration du moment', '& Notre sélection brunch', 'Pâtisseries']",Bonne Maman,True,False,false,3.0,WEEK,475g,[],https://courses.monoprix.fr/images-v3/0c44253f-c4a3-4340-9d37-d41e42b9d14a/dcd2bc04-ce0e-4c66-9265-5d74e80eeba6/300x300.jpg
Epicerie Sucrée,89307675-ee0a-4f3f-8ed8-379a98eb0090,MPX_2185846,Bonne Maman Quatre-quarts 500g,4.65,9.3,"['Promotions', 'Les promos à ne pas manquer', 'Le 2ème à moins 50%']",Bonne Maman,True,False,false,3.0,WEEK,500g,[],https://courses.monoprix.fr/images-v3/0c44253f-c4a3-4340-9d37-d41e42b9d14a/0cd2fff6-df63-462e-a7af-cb5a3c84015a/300x300.jpg
Epicerie Sucrée,2b48932d-7f5d-4fe9-9d7d-6cf7512bb52c,MPX_11916,"Vahiné, Sucre Vanillé 10X7.5G",2.75,36.67,"['Epicerie Sucrée', 'Sucre, Farine et Aide à la pâtisserie', 'Vanille, Arôme et Décor']",Vahiné,True,False,false,6.0,MONTH,75g,['Produit vegan'],https://courses.monoprix.fr/images-v3/0c44253f-c4a3-4340-9d37-d41e42b9d14a/35076ea3-0800-410f-a7ef-531eb14a7afe/300x300.jpg
Epicerie Sucrée,3012a6f9-e7a1-4b21-8b03-dbeb0bb6bfea,MPX_3046721,Mc Vitie's Biscuits Sablés Chocolat au Lait 300g,2.25,7.5,"['Promotions', 'Les promos à ne pas manquer', 'Le 2ème à moins 50%']",Mc Vitie's,True,False,false,2.0,MONTH,300g,[],https://courses.monoprix.fr/images-v3/0c44253f-c4a3-4340-9d37-d41e42b9d14a/25d12947-c9f1-4364-a2cc-bddbac0b45b6/300x300.jpg
Epicerie Sucrée,16fe2fa7-a945-4356-b611-b363d31ffaee,MPX_3499277,Illy Café Espresso Lungo 100% Arabica x10 capsules 57g,4.99,87.54,"['Epicerie Sucrée', 'Café, Thé et Boisson chaude', 'Café', 'Compatible Nespresso']",Illy,True,False,false,2.0,MONTH,57g,[],https://courses.monoprix.fr/images-v3/0c44253f-c4a3-4340-9d37-d41e42b9d14a/acd7a890-8a0a-4f78-9c6c-1c2719ed8276/300x300.jpg
Epicerie Sucrée,a4352642-562b-4a2b-afd0-d8261af5af43,MPX_4899935,Brossard Savane Max Barr 210G,2.95,14.05,"['Epicerie Sucrée', 'Biscuit Sec', 'Goûter et Format individuel']",Brossard,True,False,false,2.0,MONTH,210g,[],https://courses.monoprix.fr/images-v3/0c44253f-c4a3-4340-9d37-d41e42b9d14a/5051b19d-b197-473f-8548-d665a82bd604/300x300.jpg
Epicerie Sucrée,72a564dd-0368-4c48-bbaf-db25a3f495e7,MPX_3184401,Monoprix Bio Gourdes pommes sans sucres ajoutés bio 12x90g,6.89,6.38,"['Produits Laitiers, Œufs et Fromages', 'Desserts', 'Desserts bio']",Monoprix Bio,True,False,false,2.0,MONTH,12 x 90g,['Produit bio'],https://courses.monoprix.fr/images-v3/0c44253f-c4a3-4340-9d37-d41e42b9d14a/7c086e99-a2b0-4348-a1c0-d772239d1fc1/300x300.jpg
Epicerie Sucrée,43d3d87c-6523-4e0b-96a0-677d33722bec,MPX_2258934,Monoprix Gourmet Cake Anglais Tranché 400G,4.09,10.23,"['Noël', 'Menu des fêtes', 'Les Brioches et Pains festifs', 'Autres pains']",Monoprix Gourmet,True,False,false,1.0,MONTH,400g,[],https://courses.monoprix.fr/images-v3/0c44253f-c4a3-4340-9d37-d41e42b9d14a/82553435-9d36-476a-a3b9-fba672e718b0/300x300.jpg
Epicerie Sucrée,59d1cdf1-3069-4017-96a4-64be28b2f559,MPX_3046970,Harrys Brioche Mini Tressée au sucre perlé x6 - 210g,2.59,12.33,"['Pain et Viennoiserie', 'Pain au lait et Brioche', 'Brioche individuelle']",Harrys,True,False,false,2.0,WEEK,210g,[],https://courses.monoprix.fr/images-v3/0c44253f-c4a3-4340-9d37-d41e42b9d14a/f486595c-3190-4286-a888-50ca71b2909e/300x300.jpg
Epicerie Sucrée,2892645a-d76c-4f27-a0c6-1349b46565c4,MPX_3973143,Monoprix Bio Petits beurre au Chocolat au lait 150g,2.15,14.33,"['Bio', 'Epicerie sucrée bio', 'Biscuit bio']",Monoprix Bio,True,False,false,2.0,MONTH,150g,['Produit bio'],https://courses.monoprix.fr/images-v3/0c44253f-c4a3-4340-9d37-d41e42b9d14a/4d9113bd-a838-4eb1-9762-9cb8130bcf59/300x300.jpg
Epicerie Sucrée,d4df2d70-d8ee-479f-9ea1-4873764e69f3,MPX_6615640,Lindt Tablette De Chocolat Lait Extra Fin 3x100g,4.99,16.63,"['Epicerie Sucrée', 'Chocolat et Confiserie', 'Tablette de chocolat', 'Chocolat au lait']",Lindt,True,False,false,2.0,MONTH,3 x 100g,[],https://courses.monoprix.fr/images-v3/0c44253f-c4a3-4340-9d37-d41e42b9d14a/c1d1f847-df3c-4d97-bca2-864119e53b17/300x300.jpg
Epicerie Sucrée,74ebc474-fbe5-43d8-86c8-f52bb4dd4553,MPX_6596631,Merveilles Du Monde Chocolat Au Lait Noisettes Et Amandes Pilées 100g,2.89,28.9,"['Epicerie Sucrée', 'Chocolat et Confiserie', 'Tablette de chocolat', 'Chocolat au lait']",Merveilles Du Monde,True,False,false,2.0,MONTH,100g,['Produit équitable'],https://courses.monoprix.fr/images-v3/0c44253f-c4a3-4340-9d37-d41e42b9d14a/2b21c550-8d45-4781-817e-4aceaf063001/300x300.jpg
Epicerie Sucrée,e42b4082-f4fb-4a78-9aa9-933c38c7870f,MPX_342337,Lu Cracottes Biscottes Céréales Complètes 250g,2.49,9.96,"['Epicerie Sucrée', 'Céréale et Barre', 'Céréale et Barre bio']",Cracotte,True,False,false,2.0,MONTH,250g,[],https://courses.monoprix.fr/images-v3/0c44253f-c4a3-4340-9d37-d41e42b9d14a/01e0b0e5-ba32-42a4-806d-cc9c79d9cbd0/300x300.jpg
Epicerie Sucrée,26eb1a82-6508-4b2b-9a7f-5396f7a31f08,MPX_32600,Bonne Maman Confiture Aux 4 Fruits 370g,2.59,7.0,"['Epicerie Sucrée', 'Confiture, Pâte à tartiner et Miel', 'Confiture']",Bonne Maman,True,False,false,6.0,MONTH,370g,[],https://courses.monoprix.fr/images-v3/0c44253f-c4a3-4340-9d37-d41e42b9d14a/8fbb67df-bdac-4b60-8dfa-600616c1f418/300x300.jpg
Epicerie Sucrée,8ef0f5d0-35d4-4f90-b400-f472660a49c6,MPX_1583234,Bonne Maman Confiture aux Figues Violettes 370g,1.89,5.11,"['Nos sélections', 'Inspiration du moment', '& Sélection petit déjeuner', 'Confiture, Miel et Pâte à tartiner']",Bonne Maman,True,False,false,6.0,MONTH,370g,['Produit bio'],https://courses.monoprix.fr/images-v3/0c44253f-c4a3-4340-9d37-d41e42b9d14a/1532ffba-de0a-42e0-912e-f4f9de56da96/300x300.jpg
Epicerie Sucrée,67a8cec3-5ca6-427c-81aa-5726d6ad4951,MPX_565649,"Bjorg Muesli sans sucres ajoutés, bio 375g",2.75,7.33,"['Epicerie Sucrée', 'Céréale et Barre', 'Céréale et Barre bio']",Bjorg,True,False,false,1.0,MONTH,375g,[],https://courses.monoprix.fr/images-v3/0c44253f-c4a3-4340-9d37-d41e42b9d14a/42877fd6-00ae-4c70-998f-a967c3a786f7/300x300.jpg
Epicerie Sucrée,a4b88e3f-fae6-4818-9473-3a694590ea44,MPX_1253609,Monoprix Gourmet Palmiers Recette Pur Beurre Feuilleté au Croustillant Intense 115g,1.85,16.09,"['Mes marques Monoprix', 'Monoprix Gourmet', 'Epicerie Sucrée', 'Biscuit et Gâteau']",Monoprix Gourmet,True,False,false,2.0,MONTH,115g,[],https://courses.monoprix.fr/images-v3/0c44253f-c4a3-4340-9d37-d41e42b9d14a/061aa6ee-c132-4128-82a5-b936d80b2178/300x300.jpg
Epicerie Sucrée,3f583afa-4309-4632-9767-2701b2dd805f,MPX_2355165,Lotus Dinosaurus Chocolat Noir 225g,2.85,12.67,"['Nos sélections', 'Boutique Enfants', 'Pour le goûter de vos enfants', 'Biscuit et Goûter']",Dinosaurus,True,False,false,1.0,MONTH,225g,[],https://courses.monoprix.fr/images-v3/0c44253f-c4a3-4340-9d37-d41e42b9d14a/7a39b43b-4c30-4d02-bd72-6918254d61e6/300x300.jpg
Epicerie Sucrée,eea34114-7c98-4771-90ac-7dd127a80c9c,MPX_4368797,Kellogg's Céréales Trésor Chocolat noisettes 410g,3.69,9.0,"['Epicerie Sucrée', 'Céréale et Barre', 'Enfant et Ado']",Trésor,True,False,false,2.0,MONTH,410g,['Produit halal'],https://courses.monoprix.fr/images-v3/0c44253f-c4a3-4340-9d37-d41e42b9d14a/9faf5baa-c3be-4095-b4f2-f2780ae33716/300x300.jpg
Epicerie Sucrée,4fe0034f-3e00-4a13-a897-6bb2f5652006,MPX_162064,Bonne Maman Confiture de Framboises 370g,3.19,8.62,"['Epicerie Sucrée', 'Confiture, Pâte à tartiner et Miel', 'Confiture']",Bonne Maman,True,False,false,6.0,MONTH,370g,[],https://courses.monoprix.fr/images-v3/0c44253f-c4a3-4340-9d37-d41e42b9d14a/37fc7aad-48a2-47e4-a284-c32ee4387bc2/300x300.jpg
Epicerie Sucrée,adf92863-320c-42d2-9a04-0d1cd442d88e,MPX_579999,Lu Pepito Mini Roulés Gâteaux fourrés au Chocolat 150g,2.55,17.0,"['Epicerie Sucrée', 'Gâteau, Crêpe et Gaufre', 'Cake, Quatre quart, Gâteau et Flan']",PEPITO,True,False,false,1.0,MONTH,150g,[],https://courses.monoprix.fr/images-v3/0c44253f-c4a3-4340-9d37-d41e42b9d14a/6f14b847-b1e8-4b5b-9307-b55c369240bf/300x300.jpg
Epicerie Sucrée,05dd6ac2-c511-47bc-822c-092782cf2a4b,MPX_1786637,Monoprix pâte à tartiner noisettes 400g,1.99,4.98,"['Mes marques Monoprix', 'Monoprix', 'Epicerie sucrée', 'Confiture et Gelée']",Monoprix,True,False,false,2.0,MONTH,400g,[],https://courses.monoprix.fr/images-v3/0c44253f-c4a3-4340-9d37-d41e42b9d14a/fe587871-7036-4ec6-9485-82178be5ebc7/300x300.jpg
Epicerie Sucrée,c304587c-212c-4984-9b80-e4fa01868a02,MPX_3173490,Nutella B-Ready Biscuits fourrés à la pâte à tartiner x 15 portions ,5.95,18.03,"['Nos sélections', 'Inspiration du moment', '& Sélection gros formats', 'Epicerie salée et sucrée']",Nutella B-Ready,True,False,false,1.0,MONTH,330g,['Produit végétarien'],https://courses.monoprix.fr/images-v3/0c44253f-c4a3-4340-9d37-d41e42b9d14a/58944164-7a51-4851-88a6-47b9e36df8b8/300x300.jpg
Epicerie Sucrée,6ab9e4ca-4837-442c-a6c2-41d6667136ff,MPX_184424,Malongo Café Pur Arabica Des Petits Producteurs 250G,4.09,16.36,"['Epicerie Sucrée', 'Café, Thé et Boisson chaude', 'Café', 'Moulu, Arabica, Robusta']",Malongo,True,False,false,6.0,MONTH,250g,['Produit équitable'],https://courses.monoprix.fr/images-v3/0c44253f-c4a3-4340-9d37-d41e42b9d14a/81c68d70-8478-4698-af30-2b7c569e5803/300x300.jpg
Epicerie Sucrée,7cf3d3c1-5cf7-4073-9da9-2d5b28234d07,MPX_78913,Lu Lulu La Barquette Biscuits Framboise 120g,1.65,13.75,"['Epicerie Sucrée', 'Biscuit Sec', 'Goûter et Format individuel']",LU,True,False,false,2.0,MONTH,120g,[],https://courses.monoprix.fr/images-v3/0c44253f-c4a3-4340-9d37-d41e42b9d14a/9b9e5b79-c0e6-4105-9ae1-67b8b5934ea5/300x300.jpg
Epicerie Sucrée,00e581a7-e8e9-4f1c-9677-531a30561285,MPX_800,Bonne Maman Marmelade oranges amères 370g,1.69,4.57,"['Epicerie Sucrée', 'Confiture, Pâte à tartiner et Miel', 'Gelée et Marmelade']",Bonne Maman,True,False,false,6.0,MONTH,370g,[],https://courses.monoprix.fr/images-v3/0c44253f-c4a3-4340-9d37-d41e42b9d14a/87ffd27b-3efb-4689-8b62-3ad5c7644148/300x300.jpg
Epicerie Sucrée,b4ab5dc8-5214-4005-8068-3e1c40694ec2,MPX_2160581,"Bjorg Muesli superfruits raisin, cassis, cranberry, myrtille, bio 375g",4.19,11.17,"['Epicerie Sucrée', 'Céréale et Barre', 'Céréale et Barre bio']",Bjorg,True,False,false,1.0,MONTH,375g,['Produit bio'],https://courses.monoprix.fr/images-v3/0c44253f-c4a3-4340-9d37-d41e42b9d14a/116de225-3ddd-463b-aa37-793c920dda1a/300x300.jpg
Epicerie Sucrée,e12ddf05-5eda-4b54-ae77-102abf21254c,MPX_1258560,"Gerblé Biscuits raisins, riche en germe de blé 270g",2.65,9.81,"['Epicerie Sucrée', 'Biscuit Sec', 'Biscuit allégé']",Gerblé,True,False,false,2.0,MONTH,270g,[],https://courses.monoprix.fr/images-v3/0c44253f-c4a3-4340-9d37-d41e42b9d14a/983038dc-5bb4-40d3-aff2-20e346934366/300x300.jpg
Epicerie Sucrée,79d70f24-0fd2-4967-8615-3b1897c05982,MPX_2291189,Monoprix Bio Cookies aux pépites de chocolat noir 175g,2.15,12.29,"['Bio', 'Epicerie sucrée bio', 'Biscuit bio']",Monoprix Bio,True,False,false,2.0,MONTH,175g,['Produit bio'],https://courses.monoprix.fr/images-v3/0c44253f-c4a3-4340-9d37-d41e42b9d14a/fcb64612-a783-4b08-8a86-94279fb0bd40/300x300.jpg
Epicerie Sucrée,50e8f4d6-af1e-4412-8533-e5d861e45210,MPX_6573466,Carte noire 30 capsules alu lungo classique n°6 - 168g,9.75,58.04,"['Epicerie Sucrée', 'Café, Thé et Boisson chaude', 'Café', 'Compatible Nespresso']",Carte Noire,True,False,false,1.0,MONTH,168g,[],https://courses.monoprix.fr/images-v3/0c44253f-c4a3-4340-9d37-d41e42b9d14a/25ec3f2d-542b-4a7e-a598-e5e2f5d49f03/300x300.jpg
Epicerie Sucrée,d019ad02-944d-4086-8ef3-77cc94782d3f,MPX_4368796,Kellogg's Céréales Trésor Chocolat au lait 410g,3.69,9.0,"['Epicerie Sucrée', 'Céréale et Barre', 'Enfant et Ado']",Trésor,True,False,false,2.0,MONTH,410g,['Produit halal'],https://courses.monoprix.fr/images-v3/0c44253f-c4a3-4340-9d37-d41e42b9d14a/7b1c1a41-1ac0-4c36-84a0-33ead5fdbc50/300x300.jpg
Epicerie Sucrée,e932cc9d-fb79-4342-a2a9-bb360f2ae3dc,MPX_2414198,Kinder Barres De Chocolat Supérieur Au Lait Avec Fourrage Au Lait,6.59,15.69,"['Epicerie Sucrée', 'Chocolat et Confiserie', 'Barre de chocolat et Bille']",Kinder,True,False,false,4.0,WEEK,420g,['Produit végétarien'],https://courses.monoprix.fr/images-v3/0c44253f-c4a3-4340-9d37-d41e42b9d14a/02110ce4-0c96-404a-a263-17702979d931/300x300.jpg
Epicerie Sucrée,9ea7b5d7-a62e-48cd-a5e4-7bcb1718cfc1,MPX_3168845,Mulini bianco biscuits baiocchi nocciola 260g,3.19,12.27,"['Nos sélections', 'Inspiration du moment', '& Les produits méditerranéens', 'Epicerie sucrée']",Mulino bianco,True,False,false,2.0,MONTH,260g,[],https://courses.monoprix.fr/images-v3/0c44253f-c4a3-4340-9d37-d41e42b9d14a/67177dd1-dd6c-4755-8e17-3af03c2fb5aa/300x300.jpg
Epicerie Sucrée,7e8cf1f3-2211-48e3-961c-fb9de06d4c4e,MPX_2974667,Monoprix Bio Sablés Aux Pépites De Chocolat Noir Et Aux Graines 140G,2.29,16.36,"['Bio', 'Epicerie sucrée bio', 'Biscuit bio']",Monoprix Bio,True,False,false,1.0,MONTH,140g,['Produit bio'],https://courses.monoprix.fr/images-v3/0c44253f-c4a3-4340-9d37-d41e42b9d14a/dfc9be0f-117b-4308-b2c0-545e737ad37a/300x300.jpg
Epicerie Sucrée,0191cf09-e841-40b6-a588-6671fe4dd764,MPX_2508016,Lotus Gaufres De Liège Au Chocolat Belge 363G,3.99,10.99,"['Epicerie Sucrée', 'Gâteau, Crêpe et Gaufre', 'Crêpe et Gaufre', 'Gaufre']",Lotus bakeries,True,False,false,3.0,WEEK,363g,[],https://courses.monoprix.fr/images-v3/0c44253f-c4a3-4340-9d37-d41e42b9d14a/546cf5ae-bf6b-424f-ad7f-2d00e371a1ed/300x300.jpg
Epicerie Sucrée,e9d09637-ed60-4545-ab19-d0602ebe3ef9,MPX_1176559,Maizena Fleur de Maïs 400g,1.99,4.98,"['Nos recettes', 'Recettes Gastronomie Française', '& Gigot au chocolat']",Maizena,True,False,false,2.0,MONTH,400g,['Produit vegan'],https://courses.monoprix.fr/images-v3/0c44253f-c4a3-4340-9d37-d41e42b9d14a/ea160117-e2f8-4f4f-93f8-fdff85d7fa2f/300x300.jpg
Epicerie Sucrée,24932057-6b38-4922-b42f-67714b0ae1a2,MPX_3836938,Monoprix Crêpes Fourrées Au Chocolat X8 240G,2.09,8.71,"['Mes marques Monoprix', 'Monoprix', 'Epicerie sucrée', 'Biscuit et Gâteau']",Monoprix,True,False,false,2.0,WEEK,240g,[],https://courses.monoprix.fr/images-v3/0c44253f-c4a3-4340-9d37-d41e42b9d14a/2e301857-27ef-41f3-82f8-e58783e69d77/300x300.jpg
Epicerie Sucrée,c678f09c-3d5e-499b-9d8f-e439445ee5bf,MPX_4696683,Charles & Alice Compote De Pomme Pruneaux Sans Sucres Ajoutés 4X100G,2.19,5.48,"['Produits Laitiers, Œufs et Fromages', 'Desserts', 'Compotes fraîches']",Charles et alice,True,False,false,1.0,MONTH,400g,[],https://courses.monoprix.fr/images-v3/0c44253f-c4a3-4340-9d37-d41e42b9d14a/65b133eb-0771-4c02-808f-c118bae86e3e/300x300.jpg
Epicerie Sucrée,f58b19a4-7ec3-49a4-a9d4-2856164819f5,MPX_85968,Andros Dessert De Pommes Et Poires Le Pot De 750G,2.25,3.0,"['Epicerie Sucrée', 'Compote et Crème dessert', 'Compote', 'Familiales']",Andros,True,False,false,6.0,MONTH,750g,['Produit bio'],https://courses.monoprix.fr/images-v3/0c44253f-c4a3-4340-9d37-d41e42b9d14a/5c4ce65f-ebaa-427d-8e93-3b1362608352/300x300.jpg
Epicerie Sucrée,3dfbf6ec-adf8-420a-9136-69e1b24113ac,MPX_1739804,Monoprix Bio Goûters fourrés au cacao 185g,2.49,13.46,"['Nos sélections', 'Boutique Enfants', 'Pour le goûter de vos enfants', 'Biscuit et Goûter']",Monoprix Bio,True,False,false,1.0,MONTH,185g,['Produit bio'],https://courses.monoprix.fr/images-v3/0c44253f-c4a3-4340-9d37-d41e42b9d14a/65afb501-49eb-4863-b41b-51a56b6e1ba1/300x300.jpg
Epicerie Sucrée,f7ecb0a3-499f-420b-b8a0-0a62e4e644e6,MPX_3306903,Lindt Creation Tablette Rocher Lait 150g,3.49,23.27,"['Epicerie Sucrée', 'Chocolat et Confiserie', 'Tablette de chocolat', 'Chocolat au lait']",Lindt,True,False,false,2.0,MONTH,150g,[],https://courses.monoprix.fr/images-v3/0c44253f-c4a3-4340-9d37-d41e42b9d14a/e19a99d0-bbcb-44ef-a7c7-c42b03316d47/300x300.jpg
Epicerie Sucrée,a9bbf4b6-2b2f-460d-87c9-7a75e544c0ca,MPX_5693336,Pitch - Pitch brioche pépites de Chocolat - x8 300g,2.79,9.3,"['Pain et Viennoiserie', 'Pain au lait et Brioche', 'Brioche individuelle']",Pitch,True,False,false,1.0,WEEK,300g,[],https://courses.monoprix.fr/images-v3/0c44253f-c4a3-4340-9d37-d41e42b9d14a/6941b489-948b-4311-a4ef-19da02ce0f3a/300x300.jpg
Epicerie Sucrée,6633fd7e-f9e6-4467-ad05-cc8fcac05a68,MPX_2223010,Monoprix Petit Beurre 200g,1.29,6.45,"['Mes marques Monoprix', 'Monoprix', 'Epicerie sucrée', 'Biscuit et Gâteau']",Monoprix,True,False,false,2.0,MONTH,200g,[],https://courses.monoprix.fr/images-v3/0c44253f-c4a3-4340-9d37-d41e42b9d14a/e192965a-5885-45d6-80aa-a3c26b7334aa/300x300.jpg
Epicerie Sucrée,945c645e-97ba-484e-8d1d-56588ee2ee1d,MPX_2650800,St Michel Petites Madeleines Pépite 400 G,3.29,8.23,"['Epicerie Sucrée', 'Gâteau, Crêpe et Gaufre', 'Madeleine, Financier et Muffin']",St Michel,True,False,false,1.0,MONTH,400g,[],https://courses.monoprix.fr/images-v3/0c44253f-c4a3-4340-9d37-d41e42b9d14a/9af0b040-e857-4470-925d-4cb5a17800e4/300x300.jpg
Epicerie Sucrée,13be79ac-1bff-425c-a089-5512e210acfb,MPX_3380251,Monoprix Cookies Nougatine aux Pépites de Chocolat 200g,1.59,7.95,"['Nos sélections', 'Boutique Enfants', 'Pour le goûter de vos enfants', 'Biscuit et Goûter']",Monoprix,True,False,false,2.0,MONTH,200g,[],https://courses.monoprix.fr/images-v3/0c44253f-c4a3-4340-9d37-d41e42b9d14a/786feb24-e281-4e5c-9c90-94fb1c229058/300x300.jpg
Epicerie Sucrée,a4978e9f-1e85-41c5-9c9e-ddb49524af27,MPX_3072893,Lu Belvita Petit Déjeuner Biscuits Miel et aux pépites de Chocolat 435g,3.49,8.02,"['Epicerie Sucrée', 'Biscuit Sec', 'Biscuit petit déjeuner']",Belvita,True,False,false,2.0,MONTH,435g,[],https://courses.monoprix.fr/images-v3/0c44253f-c4a3-4340-9d37-d41e42b9d14a/59df1f3b-3f5a-4a68-8ab9-c6f5a4d3f244/300x300.jpg
Epicerie Sucrée,9f185d5e-7475-43c7-b573-c22e82c72f16,MPX_3524146,Pom'potes Compote Pêche Pomme Brugnon Bio 4x90g,3.29,9.14,"['Produits Laitiers, Œufs et Fromages', 'Desserts', 'Desserts bio']",POM'POTES,True,False,false,2.0,MONTH,4 x 90g,['Produit bio'],https://courses.monoprix.fr/images-v3/0c44253f-c4a3-4340-9d37-d41e42b9d14a/12ea3b70-5bed-4313-a45b-0e831ea15140/300x300.jpg
Epicerie Sucrée,66daefc7-c87b-42dc-b86b-984ee91c3535,MPX_1455115,Granola Sablés nappés au Chocolat Noir 195g,2.19,11.23,"['Epicerie Sucrée', 'Biscuit Sec', 'Biscuit sec et Sablé']",Granola,True,False,false,2.0,MONTH,195g,[],https://courses.monoprix.fr/images-v3/0c44253f-c4a3-4340-9d37-d41e42b9d14a/69ddc6d8-7adb-4a94-b452-bbc2ee241526/300x300.jpg
Epicerie Sucrée,5c6bd213-25f3-4d9f-b5c3-95d9d9dd2282,MPX_3859280,Lu Mikado Biscuits nappés au Chocolat au Lait 2x39g,2.19,18.72,"['Epicerie Sucrée', 'Biscuit Sec', 'Biscuit au chocolat']",MIKADO,True,False,false,2.0,MONTH,117g,['Produit halal'],https://courses.monoprix.fr/images-v3/0c44253f-c4a3-4340-9d37-d41e42b9d14a/637d820f-263d-4705-b529-1e14af752f8f/300x300.jpg
Epicerie Sucrée,59ec7f90-2e85-4c74-80bb-c1cc26f86941,MPX_1177316,"Monoprix Gourmet Café Moulu Du Costa Rica, Aromatique Et Equilibré 250G",3.99,15.96,"['Epicerie Sucrée', 'Café, Thé et Boisson chaude', 'Café', 'Moulu, Arabica, Robusta']",Monoprix Gourmet,True,False,false,2.0,MONTH,250g,['Produit équitable'],https://courses.monoprix.fr/images-v3/0c44253f-c4a3-4340-9d37-d41e42b9d14a/5613f118-0c1a-4331-a5d4-e8aba84eab3c/300x300.jpg
Epicerie Sucrée,962318d6-6f61-4714-b276-1a0a6569cbbb,MPX_2323252,Crunch Tablette Chocolat Lait Et Céréales Croustillantes 2x100g,2.29,11.45,"['Epicerie Sucrée', 'Chocolat et Confiserie', 'Tablette de chocolat', 'Chocolat au lait']",Crunch,True,False,false,2.0,MONTH,2 x 100g,[],https://courses.monoprix.fr/images-v3/0c44253f-c4a3-4340-9d37-d41e42b9d14a/728a9018-c54d-44fa-8c5f-067d24af44a9/300x300.jpg
Epicerie Sucrée,d46a013d-d111-4c03-b193-b209c7a1c66f,MPX_3329059,Pom'Potes Compote Fraise Pomme Bio Le Pack De 4X90G,3.49,9.69,"['Produits Laitiers, Œufs et Fromages', 'Desserts', 'Desserts bio']",Pom'potes,True,False,false,2.0,MONTH,4 x 90g,['Produit bio'],https://courses.monoprix.fr/images-v3/0c44253f-c4a3-4340-9d37-d41e42b9d14a/24373245-0788-47ea-8924-a11dacf299c9/300x300.jpg
Epicerie Sucrée,67526caa-bfb6-4978-81b2-854487eaad84,MPX_11920,Vahiné Levure Chimique 5 Sachets 55G,0.65,11.82,"['Nos sélections', 'Inspiration du moment', ""& La pâtisserie c'est du gâteau"", 'Sucre, Farine et Aide à la pâtisserie']",Vahiné,True,False,false,6.0,MONTH,55g,[],https://courses.monoprix.fr/images-v3/0c44253f-c4a3-4340-9d37-d41e42b9d14a/3424bbb7-f805-4427-a7a1-15c81e4398b0/300x300.jpg
Epicerie Sucrée,b0d9740f-aa66-4476-a11e-035382058ad3,MPX_3742408,Kinder Cards 128g,2.95,23.05,"['Nos sélections', 'Boutique Enfants', 'Pour le goûter de vos enfants', 'Biscuit et Goûter']",Kinder,True,False,false,1.0,MONTH,128g,[],https://courses.monoprix.fr/images-v3/0c44253f-c4a3-4340-9d37-d41e42b9d14a/337e005f-2db0-41e2-b5b4-bf2e9f33eef4/300x300.jpg
Epicerie Sucrée,39db037c-4ee8-4025-8fb5-f91adba18155,MPX_5094661,Charles & Alice Compote Pomme Kiwi Sans Sucres Ajoutés 4x 97g,1.99,5.13,"['Epicerie Sucrée', 'Compote et Crème dessert', 'Compote', 'Sans sucre']",Charles & Alice,True,False,false,1.0,MONTH,388g,[],https://courses.monoprix.fr/images-v3/0c44253f-c4a3-4340-9d37-d41e42b9d14a/b849c5ae-6da8-4788-a6e5-01ba6655acf9/300x300.jpg
Epicerie Sucrée,1b2c7417-f112-42f0-8fca-da26a4a6f10e,MPX_1545683,Lu Lulu Le Mini Roulé Gâteaux fourrés à la Fraise 150g,2.59,17.27,"['Nos sélections', 'Boutique Enfants', 'Pour le goûter de vos enfants', 'Biscuit et Goûter']",LU,True,False,false,1.0,MONTH,150g,[],https://courses.monoprix.fr/images-v3/0c44253f-c4a3-4340-9d37-d41e42b9d14a/127e9f74-5202-4dcc-82d9-421d07b6e7e8/300x300.jpg
Epicerie Sucrée,218648f3-96b1-4756-99f2-1bb83baeba74,MPX_33797,Lu Petits Cœurs Choco'Croc Biscuits enrobés Chocolat au Lait 90g,1.95,21.67,"['Epicerie Sucrée', 'Biscuit Sec', 'Goûter et Format individuel']",Petits coeurs,True,False,false,1.0,MONTH,90g,['Produit casher'],https://courses.monoprix.fr/images-v3/0c44253f-c4a3-4340-9d37-d41e42b9d14a/edf63b7e-bdab-4413-9d13-e14e1360d637/300x300.jpg
Epicerie Sucrée,652de93b-7885-44d8-925f-08f3d8d58af8,MPX_1596596,Monoprix Barres céréales pépites de chocolat 125g,2.25,18.0,"['Nos sélections', 'Inspiration du moment', '& Sélection petit déjeuner', 'Pain, Viennoiserie et Céréales']",Monoprix,True,False,false,2.0,MONTH,125g,[],https://courses.monoprix.fr/images-v3/0c44253f-c4a3-4340-9d37-d41e42b9d14a/cab91c2f-7422-415e-9c9b-9b0eb72622ee/300x300.jpg
Epicerie Sucrée,e63dbbc9-1bb0-400c-bacc-ddf8cf62bd3a,MPX_16598,Gerblé Biscuits figue et son 210g,1.99,9.48,"['Epicerie Sucrée', 'Biscuit Sec', 'Biscuit allégé']",Gerblé,True,False,false,2.0,MONTH,210g,[],https://courses.monoprix.fr/images-v3/0c44253f-c4a3-4340-9d37-d41e42b9d14a/db693af5-9763-4fe3-9e2b-d71382a85671/300x300.jpg
Epicerie Sucrée,6a30e1ec-0ed6-41c1-b712-359555470768,MPX_886407,Seeberger Abricots Séchés 200G,3.99,19.95,"['Fruits & Légumes', 'Fruits Secs & Graines', 'Pruneaux, Raisins et Autres Fruits Secs']",Seeberger,True,False,false,2.0,MONTH,200g,[],https://courses.monoprix.fr/images-v3/0c44253f-c4a3-4340-9d37-d41e42b9d14a/0de04aef-73a4-4d8d-b849-044ddef0de9e/300x300.jpg
Epicerie Sucrée,d1bfff12-d7ee-46e3-83af-e069fc4fc964,MPX_2823146,Lu Véritable Petit Beurre Biscuits 200g,1.49,7.45,"['Nos régions de France', 'Pays de la Loire', 'Préfou, brioche et petit beurre']",LU,True,False,false,2.0,MONTH,200g,[],https://courses.monoprix.fr/images-v3/0c44253f-c4a3-4340-9d37-d41e42b9d14a/d44d0835-5ecc-4024-b70d-b1e37403ff8e/300x300.jpg
Epicerie Sucrée,7de04a01-e7b0-411c-bd16-9de28229507b,MPX_1892680,Monoprix Gourmet Mini gâches &chocolat Belge x8,3.59,9.97,"['Pain et Viennoiserie', 'Pain au lait et Brioche', 'Gâche et Navette']",Monoprix Gourmet,True,False,false,1.0,WEEK,360g,[],https://courses.monoprix.fr/images-v3/0c44253f-c4a3-4340-9d37-d41e42b9d14a/381d188d-2f46-43ec-b611-e0d60164868d/300x300.jpg
Epicerie Sucrée,4d8b44af-2ced-42fd-9f06-853b2a16a9bd,MPX_24515,Kellogg's Céréales Extra Chocolat noir noisettes 500g,3.89,7.78,"['Epicerie Sucrée', 'Céréale et Barre', 'Muesli et Pétales']",Kellogg's,True,False,false,2.0,MONTH,500g,['Produit halal'],https://courses.monoprix.fr/images-v3/0c44253f-c4a3-4340-9d37-d41e42b9d14a/793e86aa-3d15-4244-baec-68ded1dd539b/300x300.jpg
Epicerie Sucrée,bcb169e0-4b1e-4897-8b87-a983ca376cbf,MPX_16595,Gerblé Goûter aux pépites de chocolat 250g,2.25,9.0,"['Epicerie Sucrée', 'Biscuit Sec', 'Biscuit allégé']",Gerblé,True,False,false,2.0,MONTH,250g,[],https://courses.monoprix.fr/images-v3/0c44253f-c4a3-4340-9d37-d41e42b9d14a/f9baffae-1bba-4bf4-a283-00aa2255d418/300x300.jpg
Epicerie Sucrée,bcaf70b2-e86e-4aa0-92cc-2425d6204fad,MPX_162377,Francine Farine de blé Suprême type 45 première extraction 1kg,2.49,2.49,"['Epicerie Sucrée', 'Sucre, Farine et Aide à la pâtisserie', 'Farine']",Francine,True,False,false,2.0,MONTH,1kg,[],https://courses.monoprix.fr/images-v3/0c44253f-c4a3-4340-9d37-d41e42b9d14a/b0f953c0-669b-4049-bd08-310fc7bd57bc/300x300.jpg
Epicerie Sucrée,3354f7af-bfc7-43ad-b37d-3c93dc10e4a5,MPX_1863786,Monoprix chocolat au lait  3x100g,2.89,9.63,"['Nos recettes', 'Recettes de Chefs', '& Aurélien Cohen - Les cookies']",Monoprix,True,False,false,2.0,MONTH,3 x 100g,['Produit équitable'],https://courses.monoprix.fr/images-v3/0c44253f-c4a3-4340-9d37-d41e42b9d14a/b329b27d-ef30-4060-9ac7-978576c07517/300x300.jpg
Epicerie Sucrée,f66ffd97-9526-4766-8395-b2968ceefe90,MPX_1834128,Monoprix Bio Raisins Secs Sachet de 250g,2.99,11.96,"['Bio', 'Fruit et Légume bio', 'Fruit sec bio']",Monoprix Bio,True,False,false,2.0,MONTH,250g,['Produit bio'],https://courses.monoprix.fr/images-v3/0c44253f-c4a3-4340-9d37-d41e42b9d14a/14248b74-1e1b-4738-9891-bda229baafe2/300x300.jpg
Epicerie Sucrée,afa93bab-e4d7-4dd0-898d-daeffb493c43,MPX_3418152,L'Or Espresso Café Lungo Profondo intensité 8 x20 capsules 104g,6.49,62.4,"['Epicerie Sucrée', 'Café, Thé et Boisson chaude', 'Café', 'Compatible Nespresso']",L'Or,True,False,false,2.0,MONTH,104g,[],https://courses.monoprix.fr/images-v3/0c44253f-c4a3-4340-9d37-d41e42b9d14a/8763bba0-fb94-45e8-9f0a-5fb859095460/300x300.jpg
Epicerie Sucrée,667d79e1-1e91-4830-9e13-53b2cebc2167,MPX_3331417,Vahiné Family Pack Amandes en poudre 200g,5.99,29.95,"['Nos sélections', 'Inspiration du moment', ""& La pâtisserie c'est du gâteau"", 'Fruits frais, confits et secs']",Vahiné,True,False,false,2.0,MONTH,200g,['Produit vegan'],https://courses.monoprix.fr/images-v3/0c44253f-c4a3-4340-9d37-d41e42b9d14a/31eff788-4a0e-418b-a74d-dddf6a771563/300x300.jpg
Epicerie Sucrée,e9c1687b-bc16-4862-aeae-7f6ae14f13aa,MPX_6571351,Sol Sucre En Morceaux 1 kg,1.69,1.69,"['Epicerie Sucrée', 'Sucre, Farine et Aide à la pâtisserie', 'Sucre', 'En morceaux']",Sol,True,False,false,,,1kg,[],https://courses.monoprix.fr/images-v3/0c44253f-c4a3-4340-9d37-d41e42b9d14a/206261fb-6deb-4f79-8c92-b2d9dd2be640/300x300.jpg
Epicerie Sucrée,aca7634a-d2f3-4d45-9bf5-849910c88c60,MPX_5206660,Regent's Park Crumpets nature 330g,3.15,9.55,"['Epicerie Sucrée', 'Pain au lait et Brioche', 'Pain au lait']",Regent's park,True,False,false,1.0,WEEK,330g,[],https://courses.monoprix.fr/images-v3/0c44253f-c4a3-4340-9d37-d41e42b9d14a/49cf4a23-f64a-4ca3-a0da-1c0166f959cb/300x300.jpg
Epicerie Sucrée,8f56feeb-ecff-4414-ab87-542ef03f3f17,MPX_3071397,"Pom'Potes Compote Pommes, Poires, Vanille 4X90G",3.29,9.14,"['Epicerie Sucrée', 'Compote et Crème dessert', 'Compote', 'Sans sucre']",POM'POTES,True,False,false,2.0,MONTH,4 x 90g,[],https://courses.monoprix.fr/images-v3/0c44253f-c4a3-4340-9d37-d41e42b9d14a/e2b8d4e1-e96c-4b32-9fb4-c0898e9f3c87/300x300.jpg
Epicerie Sucrée,3ec3c9e4-5d4d-4621-a2e1-bd4fdbed6239,MPX_164830,Monoprix Boudoirs aux oeufs Frais Croquants et Fondants 175g,1.29,7.37,"['Nos sélections', 'Inspiration du moment', 'Nos coups de coeur Origine France']",Monoprix,True,False,false,2.0,MONTH,175g,[],https://courses.monoprix.fr/images-v3/0c44253f-c4a3-4340-9d37-d41e42b9d14a/7d9610f3-ccff-4d35-93fa-5558a3549fc6/300x300.jpg
Epicerie Sucrée,46bb4853-e1a4-4480-95a8-31738e623e60,MPX_2320747,Monoprix Pépites de céréales croustillantes aux éclats de chocolat noir 500g,3.49,6.98,"['Mes marques Monoprix', 'Monoprix', 'Epicerie sucrée', 'Petit Déjeuner']",Monoprix,True,False,false,2.0,MONTH,500g,[],https://courses.monoprix.fr/images-v3/0c44253f-c4a3-4340-9d37-d41e42b9d14a/b24d47b0-f1c0-4a45-b461-2effa5597a52/300x300.jpg
Epicerie Sucrée,c5e21ec1-ac22-47a2-9ec2-06677a909631,MPX_160709,La Perruche Sucre De Canne En Morceaux La Boîte De 750G,2.75,3.67,"['Epicerie Sucrée', 'Sucre, Farine et Aide à la pâtisserie', 'Sucre', 'En morceaux']",la Perruche,True,False,false,,,750g,['Produit végétarien'],https://courses.monoprix.fr/images-v3/0c44253f-c4a3-4340-9d37-d41e42b9d14a/65532583-10a9-483d-a3dd-fb720955d78b/300x300.jpg
Epicerie Sucrée,dad161c6-0e56-47fe-ac26-8fa4028610d3,MPX_3454494,Monoprix Tartelettes saveur fraise 150g,0.99,6.6,"['Nos sélections', 'Boutique Enfants', 'Pour le goûter de vos enfants', 'Biscuit et Goûter']",Monoprix,True,False,false,2.0,MONTH,150g,[],https://courses.monoprix.fr/images-v3/0c44253f-c4a3-4340-9d37-d41e42b9d14a/404ebca6-8190-4f40-9991-157375013ecd/300x300.jpg
Epicerie Sucrée,7419867f-3647-474f-8d93-3495d2f58fe1,MPX_4015673,Whole Earth Beurre De Cacahuètes Crunchy bio 340g,6.45,18.97,"['Epicerie Sucrée', 'Confiture, Pâte à tartiner et Miel', 'Pâte à tartiner']",WHOLE EARTH,True,False,false,1.0,MONTH,340g,['Produit bio'],https://courses.monoprix.fr/images-v3/0c44253f-c4a3-4340-9d37-d41e42b9d14a/794bfff6-e4af-49ba-90a8-5988d64d3981/300x300.jpg
Epicerie Sucrée,d1c12f42-08a2-4114-9e2a-0df7670e777a,MPX_2864476,Brioche vendéenne Pur Beurre aux œufs Label Rouge 600g,4.55,7.58,"['Pain et Viennoiserie', 'Pain au lait et Brioche', 'Brioche tranchée et Brioche tressée']",-,True,False,false,6.0,DAY,600g,[],https://courses.monoprix.fr/images-v3/0c44253f-c4a3-4340-9d37-d41e42b9d14a/36388891-5dd6-49df-8e66-4a2dcf128155/300x300.jpg
Epicerie Sucrée,446796bc-f01c-4b83-a5ea-efeb351348e6,MPX_3073195,"Bjorg Biscuits avoine chocolat, bio 130g",3.39,26.08,"['Bio', 'Epicerie sucrée bio', 'Biscuit bio']",Bjorg,True,False,false,1.0,MONTH,130g,['Produit bio'],https://courses.monoprix.fr/images-v3/0c44253f-c4a3-4340-9d37-d41e42b9d14a/f702b1d9-97c8-457d-874e-bc10c8313ee5/300x300.jpg
Epicerie Sucrée,bc0f368d-e4b0-4380-a1af-ae21b080e439,MPX_1611721,Andros Compote de Pommes Allégée -30% de Sucres Pot 730g,1.65,2.26,"['Epicerie Sucrée', 'Compote et Crème dessert', 'Compote', 'Familiales']",Andros,True,False,false,6.0,MONTH,730g,[],https://courses.monoprix.fr/images-v3/0c44253f-c4a3-4340-9d37-d41e42b9d14a/26b0db8d-b933-4296-9db0-d5c28e81cbef/300x300.jpg
Epicerie Sucrée,5361fbb5-6ae6-478e-b83f-48128509d1e7,MPX_318,Lu Lulu La Barquette Biscuits Fraise 120g,1.55,12.92,"['Nos sélections', 'Boutique Enfants', 'Pour le goûter de vos enfants', 'Biscuit et Goûter']",LU,True,False,false,2.0,MONTH,120g,['Produit bio'],https://courses.monoprix.fr/images-v3/0c44253f-c4a3-4340-9d37-d41e42b9d14a/8acd9ad8-050a-43da-8871-5651b1e5d717/300x300.jpg
Epicerie Sucrée,eb29cbbb-58e9-4d6a-9808-8cfb178571a6,MPX_1420677,St Michel La grande galette 1905 au sel de Guérande et beurre frais 150g,2.15,14.33,"['Epicerie Sucrée', 'Biscuit Sec', 'Biscuit sec et Sablé']",St Michel,True,False,false,1.0,MONTH,150g,[],https://courses.monoprix.fr/images-v3/0c44253f-c4a3-4340-9d37-d41e42b9d14a/516fdc97-d438-43bf-a2ac-1ea1ccd276ee/300x300.jpg
Epicerie Sucrée,73d43fb2-248a-41c4-b518-f70a7cd464bd,MPX_1787431,"Balisto x9 Barres Chocolat Miel Et Amandes 166,5g",2.89,17.36,"['Epicerie Sucrée', 'Chocolat et Confiserie', 'Barre de chocolat et Bille']",Balisto,True,False,false,2.0,MONTH,166.5g,"['Produit halal', 'Produit casher']",https://courses.monoprix.fr/images-v3/0c44253f-c4a3-4340-9d37-d41e42b9d14a/03f87890-a4c5-4847-a09a-4f4a274bf8f6/300x300.jpg
Epicerie Sucrée,555deb3a-378b-4be3-bb84-ee62b1f6ce69,MPX_2414381,Haribo Bonbons Croco Sachet 280g,1.75,6.25,"['Nos sélections', 'Boutique Enfants', 'Pour le goûter de vos enfants', 'Bonbon et Confiserie']",Haribo,True,False,false,2.0,MONTH,280g,[],https://courses.monoprix.fr/images-v3/0c44253f-c4a3-4340-9d37-d41e42b9d14a/a0201aac-45e3-44bf-a2ca-704bac32cfd8/300x300.jpg
Epicerie Sucrée,dad92309-2d38-431a-b98a-77bee1d8469f,MPX_3331126,Kinder Bueno T2 x5 pack de X2 barres 215g,4.49,20.88,"['Epicerie Sucrée', 'Chocolat et Confiserie', 'Barre de chocolat et Bille']",Kinder,True,False,false,1.0,MONTH,215g,[],https://courses.monoprix.fr/images-v3/0c44253f-c4a3-4340-9d37-d41e42b9d14a/80d44061-312a-4af2-be4f-b6bf680bddd0/300x300.jpg
Epicerie Sucrée,bbb6d977-1836-426e-8c58-138a47fc9780,MPX_2307616,Clipper Thé Vert Bio 35g,3.29,94.0,"['Epicerie Sucrée', 'Café, Thé et Boisson chaude', 'Thé et Infusion', 'Thé vert']",Clipper,True,False,false,6.0,MONTH,35g,"['Produit équitable', 'Produit bio']",https://courses.monoprix.fr/images-v3/0c44253f-c4a3-4340-9d37-d41e42b9d14a/27f9621d-bc28-4310-a0de-a8a247341a9f/300x300.jpg
Epicerie Sucrée,c13771f5-0297-4644-8577-b0fb351ad074,MPX_3010911,Bonne Maman Confiture framboise intense 335g,3.65,10.9,"['Nos sélections', 'Inspiration du moment', '& Notre sélection brunch', 'Confiture, pâte à tartiner et miel']",Bonne Maman,True,False,false,2.0,MONTH,335g,[],https://courses.monoprix.fr/images-v3/0c44253f-c4a3-4340-9d37-d41e42b9d14a/de7f8c3c-34c4-4de3-9166-7b62537541c3/300x300.jpg
Epicerie Sucrée,e5619d1f-9c57-452b-af06-b481b5cacc46,MPX_1892679,Monoprix Gourmet Mini Gâches Nature 360G,3.29,9.14,"['Pain et Viennoiserie', 'Pain au lait et Brioche', 'Gâche et Navette']",Monoprix Gourmet,True,False,false,1.0,WEEK,360g,[],https://courses.monoprix.fr/images-v3/0c44253f-c4a3-4340-9d37-d41e42b9d14a/0a295579-cf1a-4fbd-b3e8-95f7c24c19a6/300x300.jpg
Epicerie Sucrée,c870811d-1580-440d-99fb-f8381746c9cc,MPX_302,Lu La Paille d'Or Biscuits Gaufrettes aux Framboises 170g,2.39,14.06,"['Epicerie Sucrée', 'Biscuit Sec', 'Biscuit aux fruits']",Paille d'or,True,False,false,2.0,MONTH,170g,[],https://courses.monoprix.fr/images-v3/0c44253f-c4a3-4340-9d37-d41e42b9d14a/d879543a-a17f-46ae-8ff8-9151d3b0b672/300x300.jpg
Epicerie Sucrée,18e5dab1-f7e7-4589-ad6c-bf5a06100c17,MPX_1176694,Mon Chéri x16 Bonbons Chocolat Noir Fourrés Cerise Et Liqueur 168g,5.39,32.08,"['Noël', 'Chocolats de Noël', 'Assortiments de chocolats', 'Mon Chéri']",Mon chéri,True,False,false,1.0,MONTH,168g,[],https://courses.monoprix.fr/images-v3/0c44253f-c4a3-4340-9d37-d41e42b9d14a/b1e6498e-e00d-455e-9f6d-b5002710b9b0/300x300.jpg
Epicerie Sucrée,e8e9a795-6e6d-41a3-a479-a853c51fcdd2,MPX_314,Lu Palmito Biscuits feuilletés Caramélisées 100g,1.19,11.9,"['Epicerie Sucrée', 'Biscuit Sec', 'Biscuit sec et Sablé']",LU,True,False,false,2.0,MONTH,100g,['Produit bio'],https://courses.monoprix.fr/images-v3/0c44253f-c4a3-4340-9d37-d41e42b9d14a/4dd41d8f-9a1b-4223-9ae1-7b7dfeb406b9/300x300.jpg
Epicerie Sucrée,ddb60af2-b583-4b1c-97dc-c07a586b4a29,MPX_3292461,Quaker - Céréales chocolat noir Cruesli - La boite de 900g,6.45,7.17,"['Nos sélections', 'Inspiration du moment', '& Sélection gros formats', 'Epicerie salée et sucrée']",Quaker,True,False,false,2.0,MONTH,900g,[],https://courses.monoprix.fr/images-v3/0c44253f-c4a3-4340-9d37-d41e42b9d14a/f05b2ff3-ee93-4c5f-a928-d0b35856f758/300x300.jpg
Epicerie Sucrée,e97745c5-f071-4cc4-bb54-e94fb4f482c2,MPX_3442146,Haribo Bonbons Tagada L'Original Zip Fraîcheur 220g,1.75,7.95,"['Nos sélections', 'Boutique Enfants', 'Pour le goûter de vos enfants', 'Bonbon et Confiserie']",Haribo,True,False,false,2.0,MONTH,220g,[],https://courses.monoprix.fr/images-v3/0c44253f-c4a3-4340-9d37-d41e42b9d14a/aac87462-6f71-4f70-a626-da7078b0935c/300x300.jpg
Epicerie Sucrée,a9d9693a-9290-4561-ae93-0ae7cded7681,MPX_3059484,"Materne Pom'Potes Pomme Nature, Sans Sucres Ajoutés 20 x 90G",8.29,4.61,"['Nos sélections', 'Inspiration du moment', '& Sélection formats familiaux', 'Epicerie salée et sucrée']",POM'POTES,True,False,false,2.0,MONTH,20 x 90g,[],https://courses.monoprix.fr/images-v3/0c44253f-c4a3-4340-9d37-d41e42b9d14a/0ab25e8e-bfdc-4a5e-81be-051b2a198a98/300x300.jpg
Epicerie Sucrée,8e0914dd-8cba-44c8-873d-5ac7034c2c38,MPX_2063922,Kellogg's Céréales Extra Chocolat au lait 500g,3.79,7.58,"['Epicerie Sucrée', 'Céréale et Barre', 'Muesli et Pétales']",Kellogg's,True,False,false,2.0,MONTH,500g,['Produit halal'],https://courses.monoprix.fr/images-v3/0c44253f-c4a3-4340-9d37-d41e42b9d14a/0965c8df-a04c-4524-8c2b-994539c3afb3/300x300.jpg
Epicerie Sucrée,5be36a41-cf22-4b38-831a-e0c1bc372847,MPX_1665574,Lu Petit Ecolier Petit beurre Biscuits nappés au Chocolat Blanc 150g,2.35,15.67,"['Epicerie Sucrée', 'Biscuit Sec', 'Biscuit sec et Sablé']",Petit écolier,True,False,false,2.0,MONTH,150g,[],https://courses.monoprix.fr/images-v3/0c44253f-c4a3-4340-9d37-d41e42b9d14a/3654cd61-af2d-4f7d-9b7d-e256a239a810/300x300.jpg
Epicerie Sucrée,e6e8e13a-281a-46bd-8098-8f8bf0ea92e1,MPX_1848054,Monoprix Bio Chocolat au lait dégustation 40% de cacao 100g,1.99,19.9,"['Nos recettes', 'Recettes de Chefs', '& Aurélien Cohen - Les cookies']",Monoprix Bio,True,False,false,2.0,MONTH,100g,"['Produit équitable', 'Produit bio']",https://courses.monoprix.fr/images-v3/0c44253f-c4a3-4340-9d37-d41e42b9d14a/b55dc8c8-6fdd-4b86-b529-ca0c2a29b713/300x300.jpg
Epicerie Sucrée,7a19c3d6-337d-4894-839a-5be54a30c14a,MPX_6133600,Carte Noire Café Grains 1 kg,17.9,17.9,"['Epicerie Sucrée', 'Café, Thé et Boisson chaude', 'Café', 'Grains']",Carte Noire,True,False,false,6.0,MONTH,1kg,[],https://courses.monoprix.fr/images-v3/0c44253f-c4a3-4340-9d37-d41e42b9d14a/84ffdf0d-9564-4538-b862-81a81019d324/300x300.jpg
Epicerie Sucrée,720cc8e1-04c0-431b-98ac-72d03f8d59e2,MPX_3524151,Pom'Potes Compotes Pomme Fraise 4x90g,2.85,7.92,"['Epicerie Sucrée', 'Compote et Crème dessert', 'Compote', 'Individuelles']",Pom'potes,True,False,false,2.0,MONTH,4 x 90g,[],https://courses.monoprix.fr/images-v3/0c44253f-c4a3-4340-9d37-d41e42b9d14a/0d337a82-5725-40d9-a748-26b04b2b7002/300x300.jpg
Epicerie Sucrée,c47c823b-31ee-4766-b767-a852d7be5a29,MPX_3859272,Lu Lulu La Barquette Biscuits au Chocolat 2x120g,2.19,9.13,"['Epicerie Sucrée', 'Biscuit Sec', 'Biscuit au chocolat']",BARQUETTE,True,False,false,2.0,MONTH,2 x 120g,[],https://courses.monoprix.fr/images-v3/0c44253f-c4a3-4340-9d37-d41e42b9d14a/7deb2de0-6a5b-4ffe-988c-a8be27339961/300x300.jpg
Epicerie Sucrée,84a11730-e5db-4e48-ae0b-cdf6522b6ca1,MPX_2676354,Monoprix Cookies Maxi Pépites de Chocolat 184g,2.39,12.99,"['Nos sélections', 'Boutique Enfants', 'Pour le goûter de vos enfants', 'Biscuit et Goûter']",Monoprix,True,False,false,2.0,MONTH,184g,[],https://courses.monoprix.fr/images-v3/0c44253f-c4a3-4340-9d37-d41e42b9d14a/65057c4a-efea-4a0e-954f-56922e2befbd/300x300.jpg
Epicerie Sucrée,383e2200-5762-4b2f-afb9-6c06334fc743,MPX_6719082,Nestlé céréales Chocapic   645g,5.25,8.14,"['Epicerie Sucrée', 'Céréale et Barre', 'Chocolat et Fourré']",Nestlé,True,False,false,2.0,MONTH,645g,[],https://courses.monoprix.fr/images-v3/0c44253f-c4a3-4340-9d37-d41e42b9d14a/ab8194a2-25c8-494e-bb79-50db75863c64/300x300.jpg
Epicerie Sucrée,a2fcc51b-4d3c-468d-a12b-1479a8659183,MPX_2838771,Côte D'Or Tablette Chocolat Lait Pointe De Sel Et Amandes 180g,3.85,21.39,"['Promotions', 'Les promos à ne pas manquer', 'Le 2ème à moins 50%']",Côte d'Or,True,False,false,2.0,MONTH,180g,[],https://courses.monoprix.fr/images-v3/0c44253f-c4a3-4340-9d37-d41e42b9d14a/391e33cc-2216-49e1-9fd0-8fbf74235008/300x300.jpg
Epicerie Sucrée,78c810a3-b357-44a9-a905-966120781c43,MPX_2838768,Côte D'or Tablette Chocolat Noir Aux Amandes Entières 180g,3.75,20.83,"['Promotions', 'Les promos à ne pas manquer', 'Le 2ème à moins 50%']",Côte d'Or,True,False,false,2.0,MONTH,180g,[],https://courses.monoprix.fr/images-v3/0c44253f-c4a3-4340-9d37-d41e42b9d14a/ef754aa4-d548-4322-a529-485af0f7b864/300x300.jpg
Epicerie Sucrée,d88bec28-3be8-4e8e-9462-978fa63cb738,MPX_3292333,Lindt Chocolat Noir Doux Extra Fin 85% Cacao 100G,2.99,29.9,"['Promotions', 'Les promos à ne pas manquer', 'Le 2ème à moins 50%']",Lindt,True,False,false,2.0,MONTH,100g,['Produit végétarien'],https://courses.monoprix.fr/images-v3/0c44253f-c4a3-4340-9d37-d41e42b9d14a/5e4c483b-12da-4303-ba52-a946deffb7b1/300x300.jpg
Epicerie Sucrée,63b0856c-9664-40c4-b8b0-8d6ed0b77ee4,MPX_2428359,Bonne Maman 10 Financiers 250g,5.15,20.6,"['Promotions', 'Les promos à ne pas manquer', 'Le 2ème à moins 50%']",Bonne Maman,True,False,false,1.0,MONTH,250g,[],https://courses.monoprix.fr/images-v3/0c44253f-c4a3-4340-9d37-d41e42b9d14a/04c762f7-455e-445d-a360-bc9d8a1ff3c3/300x300.jpg
Epicerie Sucrée,0ae93ace-e752-463e-a11e-43a2063aec22,MPX_2975678,St Michel Doonuts nappés chocolat 180g,2.65,14.72,"['Nos sélections', 'Boutique Enfants', 'Pour le goûter de vos enfants', 'Biscuit et Goûter']",St Michel,True,False,false,2.0,MONTH,180g,[],https://courses.monoprix.fr/images-v3/0c44253f-c4a3-4340-9d37-d41e42b9d14a/d076acbd-d707-44c2-a69e-30ed14a0f463/300x300.jpg
Epicerie Sucrée,e507dca2-c34a-4425-be12-51dfecb02622,MPX_3587885,"Starbucks Nespresso espresso roast, intensity 11 x10",4.49,78.77,"['Epicerie Sucrée', 'Café, Thé et Boisson chaude', 'Café', 'Compatible Nespresso']",Starbucks,True,False,false,2.0,MONTH,57g,[],https://courses.monoprix.fr/images-v3/0c44253f-c4a3-4340-9d37-d41e42b9d14a/26b6b95a-ff3f-484e-935d-f6fffde3efa7/300x300.jpg
Epicerie Sucrée,bae9bb4f-9943-40da-9ba1-12f7357e3542,MPX_3636509,Maison Colibri Madeleines Noisette Coque Chocolat Au Lait X8 250G,5.55,22.2,"['Promotions', 'Les promos à ne pas manquer', 'Promo 30% de remise immédiate']",Maison colibri,True,False,false,1.0,MONTH,250g,[],https://courses.monoprix.fr/images-v3/0c44253f-c4a3-4340-9d37-d41e42b9d14a/9e4aa02c-efd3-40a3-9525-195112ea136c/300x300.jpg
Epicerie Sucrée,a2b94bab-dd17-431a-98e2-4b5783894cdf,MPX_3587887,"Starbucks Capsules de café Nespresso Origin Colombia, Intensity 7 x10",4.49,78.77,"['Epicerie Sucrée', 'Café, Thé et Boisson chaude', 'Café', 'Compatible Nespresso']",Starbucks,True,False,false,2.0,MONTH,57g,[],https://courses.monoprix.fr/images-v3/0c44253f-c4a3-4340-9d37-d41e42b9d14a/884e6df7-4317-4756-888c-604404daaf78/300x300.jpg
Epicerie Sucrée,b93a7791-a8d2-4a38-9b65-8b8b0efa5562,MPX_3872406,Côte D'Or Tablette Chocolat Noir 70% Intense 100g,1.65,16.5,"['Promotions', 'Les promos à ne pas manquer', 'Le 2ème à moins 50%']",Côte d'Or,True,False,false,6.0,MONTH,100g,[],https://courses.monoprix.fr/images-v3/0c44253f-c4a3-4340-9d37-d41e42b9d14a/e696ff59-8e27-46ca-8a7b-15a84a302058/300x300.jpg
Epicerie Sucrée,c21b7499-4909-4282-91b9-7be565d1d57f,MPX_2963193,Lindt Excellence Tablette De Chocolat Noir 78% 100g,2.59,25.9,"['Promotions', 'Les promos à ne pas manquer', 'Le 2ème à moins 50%']",Lindt,True,False,false,2.0,MONTH,100g,[],https://courses.monoprix.fr/images-v3/0c44253f-c4a3-4340-9d37-d41e42b9d14a/53884a5e-d13c-40c9-a3b7-d4569af31d7a/300x300.jpg
Epicerie Sucrée,dc017b3e-68cc-453f-82a0-ed502ed81d59,MPX_3046329,Bonne Maman Petits Marbrés Au Chocolat 300G,4.69,15.63,"['Promotions', 'Les promos à ne pas manquer', 'Le 2ème à moins 50%']",BONNE MAMAN,True,False,false,1.0,MONTH,300g,[],https://courses.monoprix.fr/images-v3/0c44253f-c4a3-4340-9d37-d41e42b9d14a/5f1cca8a-7a60-4396-87e0-c370bc7fc301/300x300.jpg
Epicerie Sucrée,3e49c45c-4528-4fdf-837b-28fe4a4883d9,MPX_3046720,Mc Vitie's Biscuits Sablés Anglais 400g,2.65,6.63,"['Promotions', 'Les promos à ne pas manquer', 'Le 2ème à moins 50%']",Mc Vitie's,True,False,false,2.0,MONTH,400g,[],https://courses.monoprix.fr/images-v3/0c44253f-c4a3-4340-9d37-d41e42b9d14a/db445160-ad52-44ff-82ab-105574a4bb28/300x300.jpg
Epicerie Sucrée,32a32811-a5ea-4529-a3fe-bbbbfe21b816,MPX_3860381,Saint Michel Tronches De Cake Chocolat X6,1.99,11.37,"['Epicerie Sucrée', 'Gâteau, Crêpe et Gaufre', 'Cake, Quatre quart, Gâteau et Flan']",St Michel,True,False,false,2.0,MONTH,175g,[],https://courses.monoprix.fr/images-v3/0c44253f-c4a3-4340-9d37-d41e42b9d14a/b572babd-6fa8-4648-8476-f2e394b13571/300x300.jpg
Epicerie Sucrée,9e4834da-0b19-49d6-9175-36a53812a8d9,MPX_3524269,Nestle dessert Pépites de chocolat noir 100g,3.39,33.9,"['Epicerie Sucrée', 'Sucre, Farine et Aide à la pâtisserie', 'Chocolat à pâtisser']",Nestlé Dessert,True,False,false,2.0,MONTH,100g,[],https://courses.monoprix.fr/images-v3/0c44253f-c4a3-4340-9d37-d41e42b9d14a/7393c4e2-670b-48c2-9e6c-3ccbeedfa3dd/300x300.jpg
Epicerie Sucrée,b0135e14-c017-4a15-9001-4dccb06f0f3d,MPX_1786617,Bonne Maman 10 Petits Quatre-Quart 300 G,4.29,14.3,"['Promotions', 'Les promos à ne pas manquer', 'Le 2ème à moins 50%']",Bonne Maman,True,False,false,1.0,MONTH,300g,[],https://courses.monoprix.fr/images-v3/0c44253f-c4a3-4340-9d37-d41e42b9d14a/844a8050-0955-4a63-9eb9-faaa1b12670c/300x300.jpg
Epicerie Sucrée,f977e67f-282a-4883-b19b-12fe5a2aaeae,MPX_2520769,Lindt Excellence Tablette Chocolat Noir Framboise Intense 100g,2.75,27.5,"['Promotions', 'Les promos à ne pas manquer', 'Le 2ème à moins 50%']",Lindt,True,False,false,2.0,MONTH,100g,[],https://courses.monoprix.fr/images-v3/0c44253f-c4a3-4340-9d37-d41e42b9d14a/c6ff28da-08fb-4d15-af96-67977b68ff8f/300x300.jpg
Epicerie Sucrée,0c76e713-6c30-4110-a678-d0e46cd71cbf,MPX_966326,Côte D'Or Tablette Chocolat Au Lait Praliné Double Lait 200g,3.75,18.75,"['Promotions', 'Les promos à ne pas manquer', 'Le 2ème à moins 50%']",Côte d'Or,True,False,false,2.0,MONTH,200g,['Produit bio'],https://courses.monoprix.fr/images-v3/0c44253f-c4a3-4340-9d37-d41e42b9d14a/c86b5762-9943-4559-9591-8688b5c3374f/300x300.jpg
Epicerie Sucrée,593463fd-3171-4406-b38b-5fd9c1cfa64e,MPX_2948867,L'Or Espresso Café Lungo Mattinata intensité 5 x10 capsules 52g,3.49,67.12,"['Epicerie Sucrée', 'Café, Thé et Boisson chaude', 'Café', 'Compatible Nespresso']",L'Or,True,False,false,2.0,MONTH,52g,['Produit bio'],https://courses.monoprix.fr/images-v3/0c44253f-c4a3-4340-9d37-d41e42b9d14a/9bbd2c5e-684f-4e82-abad-05f481a7ea07/300x300.jpg
Epicerie Sucrée,a1735ee5-e0c9-4a65-9f84-0c92d6e6f7ef,MPX_6580437,Starbucks by Nespresso caramel x10 capsules 51g,4.99,97.84,"['Epicerie Sucrée', 'Café, Thé et Boisson chaude', 'Café', 'Compatible Nespresso']",Starbucks,True,False,false,2.0,MONTH,51g,[],https://courses.monoprix.fr/images-v3/0c44253f-c4a3-4340-9d37-d41e42b9d14a/87be8a58-c8dc-4693-9b1a-3e02f580cf69/300x300.jpg
Epicerie Sucrée,b616730a-046d-4f37-9a44-296d71548f02,MPX_1949245,Nescafé Café Soluble Cappuccino 280G,5.29,18.89,"['Epicerie Sucrée', 'Café, Thé et Boisson chaude', 'Café', 'Soluble, Chicorée']",Nescafé,True,False,false,2.0,MONTH,280g,[],https://courses.monoprix.fr/images-v3/0c44253f-c4a3-4340-9d37-d41e42b9d14a/90046923-63ec-4fff-969a-525b350e4cf8/300x300.jpg
Epicerie Sucrée,a70cc2ca-3695-4502-8329-bb5ffb48604c,MPX_1387602,Bonne Maman 12 Madeleines Pur Beurre Individuelles 300G,3.89,12.97,"['Epicerie Sucrée', 'Gâteau, Crêpe et Gaufre', 'Madeleine, Financier et Muffin']",Bonne Maman,True,False,false,1.0,MONTH,300g,[],https://courses.monoprix.fr/images-v3/0c44253f-c4a3-4340-9d37-d41e42b9d14a/c7a7cd06-0cdc-4390-b79f-f6ddc6929276/300x300.jpg
Epicerie Sucrée,182c3fc2-1277-4ab7-aa38-e2c6794496eb,MPX_2397076,Nestlé Dessert Tablette Chocolat Noir Dessert Pâtissier 2x205g,5.65,13.78,"['Epicerie Sucrée', 'Sucre, Farine et Aide à la pâtisserie', 'Chocolat à pâtisser']",Nestlé dessert,True,False,false,2.0,MONTH,2 x 205g,[],https://courses.monoprix.fr/images-v3/0c44253f-c4a3-4340-9d37-d41e42b9d14a/b674a1e0-6a5e-488f-bd1b-4b7ae23bdea3/300x300.jpg
Epicerie Sucrée,ce5d1d6e-7d72-4d42-96ae-c7fe300f72e6,MPX_2823789,Pom'Potes Pomme/Pomme Poire/Pomme Fraise/Pomme Banane Fraise 12X90G,5.89,5.45,"['Nos sélections', 'Boutique Enfants', 'Pour le goûter de vos enfants', 'Compote']",Pom'potes,True,False,false,2.0,MONTH,12 x 90g,[],https://courses.monoprix.fr/images-v3/0c44253f-c4a3-4340-9d37-d41e42b9d14a/4917d32a-140a-4761-8500-2ad966319102/300x300.jpg
Epicerie Sucrée,287518a7-8c6a-4e7a-8377-fcc025a67869,MPX_1060,Francine farine de blé type 45 tous usages 1kg,1.49,1.49,"['Epicerie Sucrée', 'Sucre, Farine et Aide à la pâtisserie', 'Farine']",Francine,True,False,false,2.0,MONTH,1kg,[],https://courses.monoprix.fr/images-v3/0c44253f-c4a3-4340-9d37-d41e42b9d14a/331e3502-4b27-4729-b16a-3b993cdef620/300x300.jpg
Epicerie Sucrée,c15d8307-5773-4c0f-a49c-438a1cdd2db0,MPX_2484041,Mini BN biscuits fourrés goût chocolat 175g,2.55,14.57,"['Nos sélections', 'Boutique Enfants', 'Pour le goûter de vos enfants', 'Biscuit et Goûter']",BN,True,False,false,2.0,MONTH,175g,[],https://courses.monoprix.fr/images-v3/0c44253f-c4a3-4340-9d37-d41e42b9d14a/abf8ac2e-7d8e-44fc-8e58-a620623f62c7/300x300.jpg
Epicerie Sucrée,50687fd4-409a-4479-84b4-59764c4ec6e6,MPX_3232463,Monoprix Sucre Blanc en Poudre 750g,1.59,2.12,"['Nos sélections', 'Inspiration du moment', '& Frigo vide', 'Epicerie sucrée']",Monoprix,True,False,false,2.0,MONTH,750g,[],https://courses.monoprix.fr/images-v3/0c44253f-c4a3-4340-9d37-d41e42b9d14a/ad1a768f-2dcf-4086-a859-7a0e6b13255f/300x300.jpg
Epicerie Sucrée,be78be66-1a61-4b82-9d54-0436e569c5fe,MPX_1398244,Mulini bianco biscuits baiocchi nocciola snack 336g,3.65,10.86,"['Nos sélections', 'Inspiration du moment', '& Les produits méditerranéens', 'Epicerie sucrée']",Mulino bianco,True,False,false,2.0,MONTH,336g,[],https://courses.monoprix.fr/images-v3/0c44253f-c4a3-4340-9d37-d41e42b9d14a/59a66929-934d-4e9f-bb9e-81c0ad24c6b6/300x300.jpg
Epicerie Sucrée,71d1d983-9088-4821-b318-3c14d7bec409,MPX_130899,Monoprix Chocolat Noir Pâtissier Dessert 200G,1.89,9.45,"['Epicerie Sucrée', 'Sucre, Farine et Aide à la pâtisserie', 'Chocolat à pâtisser']",Monoprix,True,False,false,6.0,MONTH,200g,[],https://courses.monoprix.fr/images-v3/0c44253f-c4a3-4340-9d37-d41e42b9d14a/ffb93570-a97b-4b4e-b9b3-4fcbba4a82a2/300x300.jpg
Epicerie Sucrée,cf03d6be-43d4-43ca-a9c8-7a462a121350,MPX_3059041,Milka Tablette Chocolat Lait Au Lait Du Pays Alpin 3x100g,4.09,13.63,"['Nos sélections', 'Inspiration du moment', '& Sélection gros formats', 'Epicerie salée et sucrée']",Milka,True,False,false,2.0,MONTH,3 x 100g,[],https://courses.monoprix.fr/images-v3/0c44253f-c4a3-4340-9d37-d41e42b9d14a/362d385d-4308-40b8-b7c1-b18d19d5b287/300x300.jpg
Epicerie Sucrée,1f37f531-8dd8-4593-8b97-af71a89b8009,MPX_4219884,Monoprix Bio Crèpes moelleuses 210g,2.99,14.24,"['Nos sélections', 'Inspiration du moment', '& Frigo vide', 'Traiteur']",Monoprix Bio,True,False,false,6.0,DAY,210g,['Produit bio'],https://courses.monoprix.fr/images-v3/0c44253f-c4a3-4340-9d37-d41e42b9d14a/8b8672d5-b9b9-4f36-acac-bf8f29fc0a29/300x300.jpg
Epicerie Sucrée,8d935f1d-0ec2-4cd5-a81d-d82eb61ddcd7,MPX_2823143,Granola Sablés nappés au Chocolat au Lait 200g,1.69,8.45,"['Nos sélections', 'Boutique Enfants', 'Pour le goûter de vos enfants', 'Biscuit et Goûter']",Granola,True,False,false,2.0,MONTH,200g,[],https://courses.monoprix.fr/images-v3/0c44253f-c4a3-4340-9d37-d41e42b9d14a/4966aae2-6c0e-49db-8d30-f1b311d5f049/300x300.jpg
Epicerie Sucrée,e3e5bbcd-d596-41f5-affe-88c7ce9d5f7c,MPX_2455141,Lu Petit Ecolier Petit Beurre Biscuits nappés de Chocolat au Lait 150g,1.89,12.6,"['Nos sélections', 'Boutique Enfants', 'Pour le goûter de vos enfants', 'Biscuit et Goûter']",Petit écolier,True,False,false,2.0,MONTH,150g,[],https://courses.monoprix.fr/images-v3/0c44253f-c4a3-4340-9d37-d41e42b9d14a/c9f9adf2-3a3d-4bad-9905-fb7efd0b650b/300x300.jpg
Epicerie Sucrée,a5c09f57-30d1-4488-bdce-13c1da3ff2c2,MPX_2998980,La Boulangère Brioche tranchée bio 400g,2.99,7.48,"['Bio', 'Pain et Galette de riz bio', 'Pain et Biscotte bio']",La Boulangère,True,False,false,1.0,WEEK,400g,['Produit bio'],https://courses.monoprix.fr/images-v3/0c44253f-c4a3-4340-9d37-d41e42b9d14a/9d518d8c-3703-4e9e-82d9-8d00b367a130/300x300.jpg
Epicerie Sucrée,ea800f68-6412-4e2c-b266-a49f18b31155,MPX_2516,Lu Petit Ecolier Petit Beurre Biscuits nappés au Chocolat Noir 150g,1.89,12.6,"['Nos sélections', 'Boutique Enfants', 'Pour le goûter de vos enfants', 'Biscuit et Goûter']",Petit écolier,True,False,false,2.0,MONTH,150g,[],https://courses.monoprix.fr/images-v3/0c44253f-c4a3-4340-9d37-d41e42b9d14a/802a4911-773d-4693-bc07-11c9346906f5/300x300.jpg
Epicerie Sucrée,d808eaa5-4660-47aa-8f3d-1ab54723c73d,MPX_2294987,Nutella Pâte à tartiner 825g,6.65,8.06,"['Nos sélections', 'Nos marques du moment', ""Promogaming Fin d'année 2024""]",Nutella,True,False,false,2.0,MONTH,825g,[],https://courses.monoprix.fr/images-v3/0c44253f-c4a3-4340-9d37-d41e42b9d14a/34741d94-c6d5-4590-b9d4-92cd003e88d7/300x300.jpg
Epicerie Sucrée,bbe609b0-4526-46eb-8913-378e7a3fe4d6,MPX_181195,Lu Lulu L'Ourson Gâteaux fourrés au Chocolat 150g,1.65,11.0,"['Nos sélections', 'Boutique Enfants', 'Pour le goûter de vos enfants', 'Biscuit et Goûter']",LU,True,False,false,1.0,MONTH,150g,[],https://courses.monoprix.fr/images-v3/0c44253f-c4a3-4340-9d37-d41e42b9d14a/50177709-9522-42cc-96ba-112d1b122530/300x300.jpg
Epicerie Sucrée,bd490763-241a-4fc2-83b2-301df7db658b,MPX_22920,Lu Petit Ecolier Tendre Cœur Biscuits nappés au Chocolat au lait 120g,2.39,19.92,"['Nos sélections', 'Boutique Enfants', 'Pour le goûter de vos enfants', 'Biscuit et Goûter']",Petit écolier,True,False,false,1.0,MONTH,120g,[],https://courses.monoprix.fr/images-v3/0c44253f-c4a3-4340-9d37-d41e42b9d14a/5fc9b0c8-a1c3-4f2a-97d0-a48eb95033ac/300x300.jpg
Epicerie Sucrée,1f1136f7-ab47-44dc-ba87-c7baab1204bd,MPX_3232464,Monoprix cassonade pur canne 750g,2.15,2.87,"['Nos recettes', 'Recettes Sucrées', '& Barre figues abricot et pistaches']",Monoprix,True,False,false,6.0,MONTH,750g,[],https://courses.monoprix.fr/images-v3/0c44253f-c4a3-4340-9d37-d41e42b9d14a/5774bbe8-b691-4a57-9348-3e69318945da/300x300.jpg
Epicerie Sucrée,60b60b0e-f566-430a-a48e-6784bdbf88ef,MPX_2507120,Monoprix Gourdes de compotes de pomme sans sucres ajoutés* 12x90g,3.89,3.6,"['Mes marques Monoprix', 'Monoprix', 'Epicerie sucrée', 'Compote et Dessert']",MONOPRIX,True,False,false,2.0,MONTH,12 x 90g,[],https://courses.monoprix.fr/images-v3/0c44253f-c4a3-4340-9d37-d41e42b9d14a/1e014d5c-f51a-4035-b8ac-c44aec1861c3/300x300.jpg
Epicerie Sucrée,b8fe1177-17e8-4731-887e-9fbadbcd1999,MPX_1739796,Monoprix Bio Petit Beurre au chocolat noir 150g,1.99,13.27,"['Nos sélections', 'Boutique Enfants', 'Pour le goûter de vos enfants', 'Biscuit et Goûter']",Monoprix Bio,True,False,false,2.0,MONTH,150g,['Produit bio'],https://courses.monoprix.fr/images-v3/0c44253f-c4a3-4340-9d37-d41e42b9d14a/b52af601-e1be-43f5-b791-8a9a6485f489/300x300.jpg
Epicerie Sucrée,dc0eb167-ff5c-4a1d-af22-305ca93a5ffd,MPX_877094,Monoprix 10 Pains au lait aux oeufs frais 350g,1.29,3.69,"['Pain et Viennoiserie', 'Pain au lait et Brioche', 'Pain au lait']",Monoprix,True,False,false,1.0,WEEK,350g,[],https://courses.monoprix.fr/images-v3/0c44253f-c4a3-4340-9d37-d41e42b9d14a/dc7acb70-c8d1-4125-8e90-b435f214ef05/300x300.jpg
Epicerie Sucrée,9c65cffc-37f8-4de6-81cc-3018ceb7b9ba,MPX_778,Bonne Maman Confiture de fraises 370g,2.35,6.35,"['Epicerie Sucrée', 'Confiture, Pâte à tartiner et Miel', 'Confiture']",Bonne maman,True,False,false,6.0,MONTH,370g,[],https://courses.monoprix.fr/images-v3/0c44253f-c4a3-4340-9d37-d41e42b9d14a/ca42154a-e69f-4967-b11b-94c31a2ff956/300x300.jpg
Epicerie Sucrée,25df40c9-55e2-4ff7-a4ac-6e5d3cf4fd3a,MPX_1772497,Monoprix 8 Pains Au Chocolat 360G,1.99,5.53,"['Pain et Viennoiserie', 'Pain au lait et Brioche', 'Pain au lait']",Monoprix,True,False,false,1.0,WEEK,360g,[],https://courses.monoprix.fr/images-v3/0c44253f-c4a3-4340-9d37-d41e42b9d14a/3b6d54b1-cf5b-4868-868e-3ea086959e1d/300x300.jpg
Epicerie Sucrée,e2478af5-d8d9-415a-847b-9a4404d2082c,MPX_779,Bonne Maman Confiture d'abricots 370g,1.89,5.11,"['Epicerie Sucrée', 'Confiture, Pâte à tartiner et Miel', 'Confiture']",Bonne Maman,True,False,false,6.0,MONTH,370g,[],https://courses.monoprix.fr/images-v3/0c44253f-c4a3-4340-9d37-d41e42b9d14a/14f9dae9-e6cd-47a5-b95b-3ed01e14179f/300x300.jpg
Epicerie Sucrée,d04a1a1a-68fd-41a1-9a38-436670acad19,MPX_1545684,Granola Sablés nappés au Chocolat au Lait 225g,1.99,8.84,"['Nos sélections', 'Boutique Enfants', 'Pour le goûter de vos enfants', 'Biscuit et Goûter']",Granola,True,False,false,2.0,MONTH,225g,[],https://courses.monoprix.fr/images-v3/0c44253f-c4a3-4340-9d37-d41e42b9d14a/5cab8e87-15db-4059-a055-182b9296b5d5/300x300.jpg
Epicerie Sucrée,0bb32f78-063b-4153-a0d3-dda0573d349e,MPX_897489,Seeberger Amandes Décortiquées 200G,5.95,29.75,"['Epicerie Salée', 'Produit apéritif', 'Cacahuète, Noix, Amande et Pistache', 'Amande et Pistache']",Seeberger,True,False,false,2.0,MONTH,200g,[],https://courses.monoprix.fr/images-v3/0c44253f-c4a3-4340-9d37-d41e42b9d14a/c7bfd82f-33b1-4b1c-9bbe-a2987c7e0d72/300x300.jpg
Epicerie Sucrée,2de38334-9f8f-4ecf-b723-19f120ef0392,MPX_1786614,Bonne Maman 10 Madeleines Choco 300 G,4.59,15.3,"['Epicerie Sucrée', 'Gâteau, Crêpe et Gaufre', 'Madeleine, Financier et Muffin']",Bonne Maman,True,False,false,1.0,MONTH,300g,[],https://courses.monoprix.fr/images-v3/0c44253f-c4a3-4340-9d37-d41e42b9d14a/b493d657-2d93-48d8-b385-53f9c466e3f7/300x300.jpg
Epicerie Sucrée,dce1afdf-9511-4ece-9da8-0b73e0280462,MPX_2653520,Alsa Levure Chimique Alsacienne 8 Sachets 88g,0.99,11.25,"['Nos sélections', 'Inspiration du moment', ""& La pâtisserie c'est du gâteau"", 'Sucre, Farine et Aide à la pâtisserie']",Alsa,True,False,false,2.0,MONTH,88g,[],https://courses.monoprix.fr/images-v3/0c44253f-c4a3-4340-9d37-d41e42b9d14a/7e8a4238-b54d-4326-9d65-f1dd1e0d9d6a/300x300.jpg
Epicerie Sucrée,5df53dc0-8cb4-4c9b-af03-81171785b04e,MPX_1118852,Monoprix Palmiers Feuilletés Dorés 100g,0.69,6.9,"['Nos sélections', 'Boutique Enfants', 'Pour le goûter de vos enfants', 'Biscuit et Goûter']",Monoprix,True,False,false,2.0,MONTH,100g,[],https://courses.monoprix.fr/images-v3/0c44253f-c4a3-4340-9d37-d41e42b9d14a/d2be1fff-c9d7-4be6-9b21-9d8ca63fe378/300x300.jpg
Epicerie Sucrée,ad0d8b9f-0cca-4fff-a5bd-9b033c5d9394,MPX_2508017,Lotus Gaufres De Liège Aux Perles De Sucre 7X45G,2.95,9.37,"['Epicerie Sucrée', 'Gâteau, Crêpe et Gaufre', 'Crêpe et Gaufre', 'Gaufre']",Lotus bakeries,True,False,false,3.0,WEEK,315g,[],https://courses.monoprix.fr/images-v3/0c44253f-c4a3-4340-9d37-d41e42b9d14a/767b289f-c6f9-40d6-aab6-81a62db690b5/300x300.jpg
Epicerie Sucrée,f69f7e50-d648-4787-b022-109970753ac1,MPX_3765741,Harrys brioche tranchée recette classique nature sans additifs 485g,2.89,5.96,"['Epicerie Sucrée', 'Pain au lait et Brioche', 'Brioche tranchée et Brioche tressée']",Harrys,True,False,false,2.0,WEEK,485g,[],https://courses.monoprix.fr/images-v3/0c44253f-c4a3-4340-9d37-d41e42b9d14a/865b1a5a-762f-481c-9b64-2e31ea6bf9ff/300x300.jpg
Epicerie Sucrée,37300ad7-b82c-45ad-976d-194dc5bca467,MPX_3648534,Monoprix Bio Farine De Blé Type 65 1Kg,1.69,1.69,"['Bio', 'Epicerie sucrée bio', 'Farine bio']",Monoprix Bio,True,False,false,2.0,MONTH,1kg,['Produit bio'],https://courses.monoprix.fr/images-v3/0c44253f-c4a3-4340-9d37-d41e42b9d14a/8ee00475-5430-49c0-9286-95ba3e1fba72/300x300.jpg
Epicerie Sucrée,1b488105-72e3-4a19-9aed-46ebf24fa34e,MPX_164831,Monoprix Cuillers Biscuits pâtissiers aux oeufs frais 125g,1.99,15.92,"['Nos sélections', 'Inspiration du moment', 'Nos coups de coeur Origine France']",Monoprix,True,False,false,1.0,MONTH,125g,[],https://courses.monoprix.fr/images-v3/0c44253f-c4a3-4340-9d37-d41e42b9d14a/2a258ead-a33a-4a62-9f95-099ffa60f74e/300x300.jpg
Epicerie Sucrée,664595f4-8419-4a25-adef-9c8358d26007,MPX_1848052,Monoprix Bio Chocolat noir dégustation 74% de cacao 100g,1.99,19.9,"['Nos recettes', 'Recettes Sucrées', ""& Nids d'oiseaux chocolat et amandes""]",Monoprix Bio,True,False,false,6.0,MONTH,100g,"['Produit équitable', 'Produit bio']",https://courses.monoprix.fr/images-v3/0c44253f-c4a3-4340-9d37-d41e42b9d14a/b857727c-1808-40ff-a171-c548c0ade3ef/300x300.jpg
Epicerie Sucrée,54624c0e-4f55-45c9-945d-f1a45d77691a,MPX_3380248,Monoprix Barquettes Moelleuses Choco-Noisettes 120g,0.99,8.25,"['Nos sélections', 'Boutique Enfants', 'Pour le goûter de vos enfants', 'Biscuit et Goûter']",Monoprix,True,False,false,1.0,MONTH,120g,[],https://courses.monoprix.fr/images-v3/0c44253f-c4a3-4340-9d37-d41e42b9d14a/de6e1460-9adb-426e-b01e-de54e81dd13c/300x300.jpg
Epicerie Sucrée,6a8b85bb-5bc0-46c5-bb42-40bac3f3a8ae,MPX_7046,Lindt Chocoletti Tablette Chocolat Lait Praliné Noisettes 100g,2.15,21.5,"['Epicerie Sucrée', 'Chocolat et Confiserie', 'Tablette de chocolat', 'Chocolat au lait']",Lindt,True,False,false,2.0,MONTH,100g,[],https://courses.monoprix.fr/images-v3/0c44253f-c4a3-4340-9d37-d41e42b9d14a/6df4439f-de18-4b0e-884a-a3b76157fbca/300x300.jpg
Epicerie Sucrée,edfe1742-66ba-4d8c-8b14-10ffd418e898,MPX_3487748,Nature Valley Barre De Céréales Protein Cacahuètes & Chocolat 40G,3.99,24.94,"['Nos sélections', 'Inspiration du moment', '& Kit du supporter', 'ENCAS']",Nature Valley,True,False,false,2.0,MONTH,160g,['Produit casher'],https://courses.monoprix.fr/images-v3/0c44253f-c4a3-4340-9d37-d41e42b9d14a/772dc3d8-09b0-460f-b8d5-d87dbfd7760d/300x300.jpg
Epicerie Sucrée,84bd679a-2c02-4ba5-ab25-23a84e8d8ca0,MPX_4696701,Charles & alice compote de pomme sans sucre ajoutée 4x100g,1.99,4.98,"['Produits Laitiers, Œufs et Fromages', 'Desserts', 'Compotes fraîches']",Charles et alice,True,False,false,1.0,MONTH,400g,[],https://courses.monoprix.fr/images-v3/0c44253f-c4a3-4340-9d37-d41e42b9d14a/4b7b309c-904c-423e-baa7-ca45dad88715/300x300.jpg
Epicerie Sucrée,c2d3b0b6-52ff-4047-a1b4-07a02be0b75d,MPX_2687031,Monoprix Bio Flocons d'avoine céréales complètes 500g,2.15,4.3,"['Epicerie Sucrée', 'Céréale et Barre', 'Céréale et Barre bio']",Monoprix Bio,True,False,false,2.0,MONTH,500g,['Produit bio'],https://courses.monoprix.fr/images-v3/0c44253f-c4a3-4340-9d37-d41e42b9d14a/0825c9bf-8ff2-4089-9969-95050289f8f0/300x300.jpg
Epicerie Sucrée,75633edf-a2d0-4c7e-8e86-7fad0ef71efb,MPX_1044904,"Monoprix Cocktail gourmand noix de cajou, amandes & noix de pécan 100g",2.69,26.9,"['Epicerie Sucrée', 'Céréale et Barre', 'Fruits Secs et Graines', 'Amandes, Noix et Autres Fruits à Coques']",Monoprix,True,False,false,1.0,MONTH,100g,[],https://courses.monoprix.fr/images-v3/0c44253f-c4a3-4340-9d37-d41e42b9d14a/b8bdd58e-4b0d-4adf-9d3a-1b5453ffbb2b/300x300.jpg
Epicerie Sucrée,2483e94f-3cd8-4079-91ba-5436454dad43,MPX_2924394,La Fournée Dorée Gâche tranchée au beurre et crème 500g,3.19,6.38,"['Pain et Viennoiserie', 'Pain au lait et Brioche', 'Gâche et Navette']",La fournee doree,True,False,false,1.0,WEEK,500g,['Produit vegan'],https://courses.monoprix.fr/images-v3/0c44253f-c4a3-4340-9d37-d41e42b9d14a/37e1cfa2-c0e5-4520-bec8-593f0d91f31b/300x300.jpg
Epicerie Sucrée,358daa2e-1252-4370-aa40-4d8021ad9054,MPX_299,Lu Petit Ecolier Pocket Petit Beurre Biscuits nappés de Chocolat au Lait 250g,3.09,12.36,"['Epicerie Sucrée', 'Biscuit Sec', 'Biscuit au chocolat']",Petit écolier,True,False,false,1.0,MONTH,250g,"['Produit halal', 'Produit casher']",https://courses.monoprix.fr/images-v3/0c44253f-c4a3-4340-9d37-d41e42b9d14a/af6448fb-27a2-48ab-aa6d-42d41c8b7f4a/300x300.jpg
Epicerie Sucrée,83c6db15-e7f0-451f-882d-19c947b2a962,MPX_11743,Gerblé Biscuit lait chocolat au germe de blé 230g,2.15,9.35,"['Epicerie Sucrée', 'Biscuit Sec', 'Biscuit allégé']",Gerblé,True,False,false,2.0,MONTH,230g,[],https://courses.monoprix.fr/images-v3/0c44253f-c4a3-4340-9d37-d41e42b9d14a/4699a930-fe6c-45eb-aa3d-0e4b3f9192ae/300x300.jpg
Epicerie Sucrée,5925cfa7-0777-4bea-a224-879620a00a75,MPX_3513652,Nutella Ferrero Biscuits 304g,3.75,12.34,"['Nos sélections', 'Boutique Enfants', 'Pour le goûter de vos enfants', 'Biscuit et Goûter']",Nutella,True,False,false,1.0,MONTH,304g,[],https://courses.monoprix.fr/images-v3/0c44253f-c4a3-4340-9d37-d41e42b9d14a/4749ebf5-63e2-4098-b366-75a5a058b817/300x300.jpg
Epicerie Sucrée,1c2941c2-1ca3-4db3-b50f-b4eda6a9fb0b,MPX_2638809,Monoprix Bio Galettes De Riz Chocolat Noir 100G,1.99,19.9,"['Bio', 'Epicerie sucrée bio', 'Pain et Galette de riz bio', 'Galette de riz bio']",Monoprix Bio,True,False,false,2.0,MONTH,100g,['Produit bio'],https://courses.monoprix.fr/images-v3/0c44253f-c4a3-4340-9d37-d41e42b9d14a/8c2ff9a1-acb4-45ec-aee5-22ef141ee999/300x300.jpg
Epicerie Sucrée,9e020017-c41a-48e6-9b15-d60f2abdf36e,MPX_969476,Monoprix Petits Beurre Croustillants avec Tablette de Chocolat au Lait 150g,1.75,11.67,"['Nos sélections', 'Boutique Enfants', 'Pour le goûter de vos enfants', 'Biscuit et Goûter']",Monoprix,True,False,false,2.0,MONTH,150g,[],https://courses.monoprix.fr/images-v3/0c44253f-c4a3-4340-9d37-d41e42b9d14a/f0b67595-5c2f-4cbd-9822-e737098c9f92/300x300.jpg
Epicerie Sucrée,ed19313b-fc6b-49a3-927b-a2a03687df30,MPX_2455142,Lu Prince Biscuits fourrés au Chocolat Blé Complet 2x300g,3.59,5.98,"['Nos sélections', 'Inspiration du moment', '& Sélection gros formats', 'Epicerie salée et sucrée']",Prince,True,False,false,2.0,MONTH,2 x 300g,[],https://courses.monoprix.fr/images-v3/0c44253f-c4a3-4340-9d37-d41e42b9d14a/11a47513-a797-4e25-9c7d-cae52ad6c571/300x300.jpg
Epicerie Sucrée,4140cb01-4196-4b1f-bd5b-65a873fc9a5d,MPX_1802471,Monoprix Galettes Bretonnes Pur Beurre 125g,0.89,7.12,"['Mes marques Monoprix', 'Ça vaut le coût !']",Monoprix,True,False,false,2.0,MONTH,125g,[],https://courses.monoprix.fr/images-v3/0c44253f-c4a3-4340-9d37-d41e42b9d14a/001a551d-146e-43e7-9754-462f2cb8ceca/300x300.jpg
Epicerie Sucrée,517a6c75-64da-4719-93cb-17f6704d1dff,MPX_2515,Lu Pim's Biscuits génoise Orange et nappage Chocolat 150g,1.55,10.33,"['Epicerie Sucrée', 'Biscuit Sec', 'Biscuit aux fruits']",Pim's,True,False,false,2.0,MONTH,150g,[],https://courses.monoprix.fr/images-v3/0c44253f-c4a3-4340-9d37-d41e42b9d14a/42b4e5c1-a192-4a4e-9ce4-5296e1143c27/300x300.jpg
Epicerie Sucrée,3184c765-6dc7-4c6f-b0d9-b59d6a4cfb2e,MPX_1061,Francine Farine De Blé Fluide T45 1 kg,1.65,1.65,"['Epicerie Sucrée', 'Sucre, Farine et Aide à la pâtisserie', 'Farine']",Francine,True,False,false,2.0,MONTH,1kg,[],https://courses.monoprix.fr/images-v3/0c44253f-c4a3-4340-9d37-d41e42b9d14a/e0a7a28b-1aa4-41fa-8690-042a3469c8c6/300x300.jpg
Epicerie Sucrée,8a09e2d2-ca4f-420b-935a-9a749d3069ff,MPX_78912,Lu Véritable Petit Beurre Biscuits Pocket 300g,2.55,8.5,"['Nos régions de France', 'Pays de la Loire', 'Préfou, brioche et petit beurre']",LU,True,False,false,1.0,MONTH,300g,[],https://courses.monoprix.fr/images-v3/0c44253f-c4a3-4340-9d37-d41e42b9d14a/dd5768cd-088e-4ed7-87fb-85f2ba658562/300x300.jpg
Epicerie Sucrée,ea76b4a3-e7b5-4538-bef6-44590abe07ab,MPX_1031319,Andros Compote Pomme Framboise 4X100G,2.25,5.63,"['Produits Laitiers, Œufs et Fromages', 'Desserts', 'Compotes fraîches']",Andros,True,False,false,3.0,WEEK,4 x 100g,[],https://courses.monoprix.fr/images-v3/0c44253f-c4a3-4340-9d37-d41e42b9d14a/e590e75f-2de7-42fe-a516-c926be5941da/300x300.jpg
Epicerie Sucrée,62eb1b26-99b9-4bf1-add7-0a5b1211a64d,MPX_2373,Lu Grany Barres de Céréales Chocolat 125g,2.19,17.52,"['Epicerie Sucrée', 'Céréale et Barre', 'Barre de céréales']",Grany,True,False,false,1.0,MONTH,125g,[],https://courses.monoprix.fr/images-v3/0c44253f-c4a3-4340-9d37-d41e42b9d14a/7d3ec78a-0fc4-4520-867c-dc6147e86358/300x300.jpg
Epicerie Sucrée,0cad2518-3603-4560-b301-92a8017bac5b,MPX_3243533,"Nature Valley Barres Croquantes Cacahuètes, Amandes Et Pépites De Chocolat Noir 30G",3.79,25.27,"['Nos sélections', 'Inspiration du moment', '& Kit du supporter', 'ENCAS']",Nature Valley,True,False,false,2.0,MONTH,150g,['Produit casher'],https://courses.monoprix.fr/images-v3/0c44253f-c4a3-4340-9d37-d41e42b9d14a/66621f7b-dba1-4375-bf46-53133a095d93/300x300.jpg
Epicerie Sucrée,30d63c6f-c26f-4830-8510-650886b128bb,MPX_3622965,"Monoprix gourdes compotes sans sucres ajoutés, 4 variétés 12x90g",5.99,5.55,"['Nos sélections', 'Inspiration du moment', '& Sélection gros formats', 'Epicerie salée et sucrée']",Monoprix,True,False,false,2.0,MONTH,12 x 90g,[],https://courses.monoprix.fr/images-v3/0c44253f-c4a3-4340-9d37-d41e42b9d14a/610b135c-0393-4323-89c1-1c8903becf7e/300x300.jpg
Epicerie Sucrée,471be194-a9f5-42a9-ba81-5463da79df58,MPX_875654,Seeberger Cerneaux De Noix 150G,6.95,46.33,"['Epicerie Sucrée', 'Céréale et Barre', 'Fruits Secs et Graines', 'Amandes, Noix et Autres Fruits à Coques']",Seeberger,True,False,false,2.0,MONTH,150g,[],https://courses.monoprix.fr/images-v3/0c44253f-c4a3-4340-9d37-d41e42b9d14a/52f71d68-5477-4338-aee3-70ed122f260e/300x300.jpg
Epicerie Sucrée,adb5741d-a0f9-407a-af5e-de665c396836,MPX_2200972,Milka Cake & Choc Gâteaux fourrés aux pépites de chocolat 175g,2.09,11.94,"['Nos sélections', 'Boutique Enfants', 'Pour le goûter de vos enfants', 'Biscuit et Goûter']",Milka,True,False,false,1.0,MONTH,175g,[],https://courses.monoprix.fr/images-v3/0c44253f-c4a3-4340-9d37-d41e42b9d14a/8acaa7c3-b0e3-453a-bed8-9853fba90bc3/300x300.jpg
Epicerie Sucrée,decd9b25-337f-4747-9e6b-355b6d376748,MPX_3513956,Kinder Maxi Pack de 10 barres 210g,3.39,16.14,"['Epicerie Sucrée', 'Chocolat et Confiserie', 'Barre de chocolat et Bille']",Kinder,True,False,false,2.0,MONTH,210g,['Produit végétarien'],https://courses.monoprix.fr/images-v3/0c44253f-c4a3-4340-9d37-d41e42b9d14a/1bbba30d-118c-49d9-84d5-54bb4af42e8e/300x300.jpg
Epicerie Sucrée,39b61b33-1510-4b3b-816f-ee9d68586d3b,MPX_3753108,Monoprix Purée De Pomme Sans Sucres Ajoutés 710G,1.39,1.96,"['Nos sélections', 'Inspiration du moment', '& Sélection formats familiaux', 'Epicerie salée et sucrée']",Monoprix,True,False,false,1.0,YEAR,710g,[],https://courses.monoprix.fr/images-v3/0c44253f-c4a3-4340-9d37-d41e42b9d14a/615e2165-e8d8-4a35-af80-0e0e2c5fe630/300x300.jpg
Epicerie Sucrée,c15b1337-9dad-465c-8cb6-a1e85357b9b1,MPX_6603583,Nocciolata Pâte à Tartiner Cacao et Noisettes Bio 650g,9.99,15.37,"['Epicerie Sucrée', 'Confiture, Pâte à tartiner et Miel', 'Pâte à tartiner']",Rigoni di asiago,True,False,false,1.0,YEAR,650g,['Produit bio'],https://courses.monoprix.fr/images-v3/0c44253f-c4a3-4340-9d37-d41e42b9d14a/736b5d65-8841-470f-b088-5091a1ceb554/300x300.jpg
Epicerie Sucrée,f080d3b7-d068-4ad6-ad51-9211d0981e11,MPX_176920,Monoprix Gourmet Tortina Noisette et Chocolat au Lait 126g,3.15,25.0,"['Mes marques Monoprix', 'Monoprix Gourmet', 'Epicerie Sucrée', 'Biscuit et Gâteau']",Monoprix Gourmet,True,False,false,1.0,MONTH,126g,[],https://courses.monoprix.fr/images-v3/0c44253f-c4a3-4340-9d37-d41e42b9d14a/7d99e851-3df6-4071-8b94-2ef1583c5188/300x300.jpg
Epicerie Sucrée,cea89307-52ce-4c44-94e3-9498316a7dee,MPX_13002,Bjorg Biscuits Fourrés Au Chocolat Noir Bio 225g,3.29,14.62,"['Bio', 'Epicerie sucrée bio', 'Biscuit bio']",Bjorg,True,False,false,1.0,MONTH,225g,[],https://courses.monoprix.fr/images-v3/0c44253f-c4a3-4340-9d37-d41e42b9d14a/8ecb2b77-262d-4238-9017-5a6339e92e54/300x300.jpg
Epicerie Sucrée,533b048f-7b90-4f76-b203-5a160c229ca1,MPX_550,Nescafé Special Filtre Café Soluble Riche & Subtil 200g,7.49,37.45,"['Epicerie Sucrée', 'Café, Thé et Boisson chaude', 'Café', 'Soluble, Chicorée']",Nescafé,True,False,false,6.0,MONTH,200g,[],https://courses.monoprix.fr/images-v3/0c44253f-c4a3-4340-9d37-d41e42b9d14a/922b7d30-7d73-41f4-ab33-07f8f4b8847b/300x300.jpg
Epicerie Sucrée,a5b9666f-f519-41dc-b3df-904e99945baf,MPX_880178,Monoprix Bio Galettes Pur Beurre 125G,1.35,10.8,"['Bio', 'Epicerie sucrée bio', 'Biscuit bio']",Monoprix Bio,True,False,false,2.0,MONTH,125g,['Produit bio'],https://courses.monoprix.fr/images-v3/0c44253f-c4a3-4340-9d37-d41e42b9d14a/fb17b429-d6ec-4fc0-aa27-8b1205d522bc/300x300.jpg
Epicerie Sucrée,8ac14b96-4a25-4117-bf02-eeb4de27d1df,MPX_5539976,Ferrero Rocher Chocolat Noisettes x16 Pièces 200g,5.19,25.95,"['Noël', 'Chocolats de Noël', 'Assortiments de chocolats', 'Ferrero']",Ferrero  rocher,True,False,false,1.0,MONTH,200g,[],https://courses.monoprix.fr/images-v3/0c44253f-c4a3-4340-9d37-d41e42b9d14a/f6139b09-fa09-4a04-99d3-4317e39056b2/300x300.jpg
Epicerie Sucrée,10b162c9-e1cc-4730-a25e-db2db1c9b592,MPX_3741956,Whaou! Crêpes Au Chocolat X15 480G,4.89,10.19,"['Epicerie Sucrée', 'Gâteau, Crêpe et Gaufre', 'Crêpe et Gaufre', 'Crêpe fourrée']",WHAOU!,True,False,false,1.0,WEEK,480g,[],https://courses.monoprix.fr/images-v3/0c44253f-c4a3-4340-9d37-d41e42b9d14a/41e53160-b47e-4eee-97e1-636ad05660e1/300x300.jpg
Epicerie Sucrée,9ab4e59d-e156-443f-900d-7684103e2a70,MPX_2455143,Lu Prince Biscuits fourrés au Chocolat Blé Complet 300g,1.55,5.17,"['Nos sélections', 'Boutique Enfants', 'Pour le goûter de vos enfants', 'Biscuit et Goûter']",Prince,True,False,false,2.0,MONTH,300g,[],https://courses.monoprix.fr/images-v3/0c44253f-c4a3-4340-9d37-d41e42b9d14a/91d9b10b-8ac2-490b-a252-68c0765480ca/300x300.jpg
Epicerie Sucrée,1262a939-557b-4233-8e49-b77e4fbc0cb9,MPX_1259551,Bjorg Muesli Croustillant Chocolat Bio 500G,4.19,8.38,"['Epicerie Sucrée', 'Céréale et Barre', 'Céréale et Barre bio']",Bjorg,True,False,false,2.0,MONTH,500g,['Produit bio'],https://courses.monoprix.fr/images-v3/0c44253f-c4a3-4340-9d37-d41e42b9d14a/4e856202-a953-4712-9bc0-0a239a3078cb/300x300.jpg
Epicerie Sucrée,86146804-71a1-48fe-92bc-5a551cc73de9,MPX_2948471,L'Or Espresso Café Decaffeinato intensité 6 x10 capsules 52g,3.49,67.12,"['Epicerie Sucrée', 'Café, Thé et Boisson chaude', 'Café', 'Compatible Nespresso']",L'Or,True,False,false,2.0,MONTH,52g,['Produit bio'],https://courses.monoprix.fr/images-v3/0c44253f-c4a3-4340-9d37-d41e42b9d14a/70c9107e-c49f-457a-b518-16575f9c11fa/300x300.jpg
Epicerie Sucrée,0f5d7d33-0073-420b-9d95-df01412eda11,MPX_3268507,Pom'potes compotes multi fruits bio 12x90g,10.9,10.09,"['Nos sélections', 'Boutique Enfants', 'Pour le goûter de vos enfants', 'Compote']",POM'POTES,True,False,false,2.0,MONTH,12 x 90g,"['Produit équitable', 'Produit bio']",https://courses.monoprix.fr/images-v3/0c44253f-c4a3-4340-9d37-d41e42b9d14a/a490dc91-bd79-4e19-84ba-6e7ee09f92cb/300x300.jpg
Epicerie Sucrée,b399c9c5-e2e2-418e-a28a-50ffdc50520c,MPX_770,Milka Tablette Chocolat Au Lait Et Aux Noisettes Entières 2x100g,3.39,16.95,"['Epicerie Sucrée', 'Chocolat et Confiserie', 'Tablette de chocolat', 'Chocolat au lait']",Milka,True,False,false,2.0,MONTH,200g,[],https://courses.monoprix.fr/images-v3/0c44253f-c4a3-4340-9d37-d41e42b9d14a/8e941abc-6ae8-4479-8b71-fc538a5ce801/300x300.jpg
Epicerie Sucrée,78fa38e5-ca38-43b5-9cb7-52c6c321a2fc,MPX_11742,Gerblé Biscuits au sésame sans huile de palme 230g,2.15,9.35,"['Epicerie Sucrée', 'Biscuit Sec', 'Biscuit allégé']",Gerblé,True,False,false,2.0,MONTH,230g,[],https://courses.monoprix.fr/images-v3/0c44253f-c4a3-4340-9d37-d41e42b9d14a/8007781d-dd60-40b9-9fb9-1abaa626d6b2/300x300.jpg
Epicerie Sucrée,32fd9e4b-065d-4d2d-b48d-9972edbaecf8,MPX_1774351,Francine Farine de blé Bio certifié AB 1kg,2.95,2.95,"['Bio', 'Epicerie sucrée bio', 'Farine bio']",Francine,True,False,false,2.0,MONTH,1kg,['Produit bio'],https://courses.monoprix.fr/images-v3/0c44253f-c4a3-4340-9d37-d41e42b9d14a/09f330c2-1518-45f6-8ff3-cce721bfed73/300x300.jpg
Epicerie Sucrée,e58fa1f2-b7db-4de1-b370-1e3819a81872,MPX_2809998,Nutella pâte à tartiner noisettes et cacao 400g,4.39,10.98,"['Nos sélections', 'Nos marques du moment', ""Promogaming Fin d'année 2024""]",Nutella,True,False,false,2.0,MONTH,400g,[],https://courses.monoprix.fr/images-v3/0c44253f-c4a3-4340-9d37-d41e42b9d14a/e2f1b108-eaee-4745-9d03-0d8409de8ae9/300x300.jpg
Epicerie Sucrée,3b8b3515-2f87-4ccd-be8f-af60149837c6,MPX_1772498,Monoprix Brioche Aux Œufs Frais Tranchée 500G,1.99,3.98,"['Pain et Viennoiserie', 'Pain au lait et Brioche', 'Brioche tranchée et Brioche tressée']",Monoprix,True,False,false,1.0,WEEK,500g,[],https://courses.monoprix.fr/images-v3/0c44253f-c4a3-4340-9d37-d41e42b9d14a/00815fe4-2139-434e-8798-03146c550f1c/300x300.jpg
Epicerie Sucrée,edbdae67-7d20-4443-a2a6-b57ebf8eebf8,MPX_2650802,St Michel Petites Madeleines 500G,2.99,5.98,"['Epicerie Sucrée', 'Gâteau, Crêpe et Gaufre', 'Madeleine, Financier et Muffin']",St Michel,True,False,false,1.0,MONTH,500g,[],https://courses.monoprix.fr/images-v3/0c44253f-c4a3-4340-9d37-d41e42b9d14a/a304d96a-1eb5-491e-bc52-41ba40d4aa8c/300x300.jpg
Epicerie Sucrée,ed2f5f12-30e3-4d6f-b8d7-772239ee1e93,MPX_6691353,Nutella Pâte à tartiner aux noisettes et au cacao 220g,2.45,11.14,"['Epicerie Sucrée', 'Confiture, Pâte à tartiner et Miel', 'Pâte à tartiner']",Nutella,True,False,false,2.0,MONTH,220g,[],https://courses.monoprix.fr/images-v3/0c44253f-c4a3-4340-9d37-d41e42b9d14a/3dfbbbb9-23da-4d3a-9208-e45d623e0139/300x300.jpg
Epicerie Sucrée,72bf28f1-d550-47d0-98f5-921ccd8f991f,MPX_2936560,Andros Compote De Pommes Sans Sucres Le Pot De 730G,2.25,3.08,"['Epicerie Sucrée', 'Compote et Crème dessert', 'Compote', 'Familiales']",Andros,True,False,false,2.0,MONTH,730g,[],https://courses.monoprix.fr/images-v3/0c44253f-c4a3-4340-9d37-d41e42b9d14a/3bb329c5-2123-475e-b702-f8b4ea77c237/300x300.jpg
Epicerie Sucrée,cbca5575-d2af-4381-95d4-653f107c607e,MPX_4042022,Savane Gâteaux Marbres Au Chocolat pocket 210g,2.79,13.29,"['Epicerie Sucrée', 'Gâteau, Crêpe et Gaufre', 'Cake, Quatre quart, Gâteau et Flan']",Brossard,True,False,false,2.0,MONTH,210g,[],https://courses.monoprix.fr/images-v3/0c44253f-c4a3-4340-9d37-d41e42b9d14a/b57a7af0-6a3c-432c-9409-970f2ff456de/300x300.jpg
Epicerie Sucrée,3d26fb9c-401f-4bfe-81a6-b835e139d13e,MPX_5539977,Ferrero Rocher Fines x30 Gaufrettes Enrobées De Chocolat Au Lait Noisettes 375g,8.95,23.87,"['Noël', 'Chocolats de Noël', 'Assortiments de chocolats', 'Ferrero']",Ferrero Rocher,True,False,false,1.0,MONTH,375g,[],https://courses.monoprix.fr/images-v3/0c44253f-c4a3-4340-9d37-d41e42b9d14a/19134c11-f6b0-408f-8e05-f334d465ac3b/300x300.jpg
Epicerie Sucrée,2d11f52b-25a3-4cfe-bd03-bad21bf5ed2e,MPX_3717553,"Monoprix Bio Purée De Pommes, Sans Sucres Ajoutés 560g",3.49,6.23,"['Nos sélections', 'Inspiration du moment', '& Sélection petit déjeuner', 'Epicerie sucrée']",Monoprix Bio Origines,True,False,false,1.0,YEAR,560g,['Produit bio'],https://courses.monoprix.fr/images-v3/0c44253f-c4a3-4340-9d37-d41e42b9d14a/693b9984-c313-4a30-95b8-2eea9b444052/300x300.jpg
Epicerie Sucrée,d1bf68eb-ba9b-40cb-bfb8-9953dbf96080,MPX_11973,Vahiné Pépites Chocolat Noir 100g,2.59,25.9,"['Nos sélections', 'Inspiration du moment', ""& La pâtisserie c'est du gâteau"", 'Vanille, Arôme et Décor']",Vahiné,True,False,false,2.0,MONTH,100g,[],https://courses.monoprix.fr/images-v3/0c44253f-c4a3-4340-9d37-d41e42b9d14a/7c2642bd-b8c6-40ba-8b63-e29df5a5d442/300x300.jpg
Epicerie Sucrée,13e4c1cd-1ef4-4b80-badb-6e932b931bd0,MPX_6616933,Pom'potes compotes gourdes bio multivariétés 12x 90g,8.59,7.95,"['Produits Laitiers, Œufs et Fromages', 'Desserts', 'Desserts pour enfants']",Pom'Potes,True,False,false,2.0,MONTH,12 x 90g,['Produit bio'],https://courses.monoprix.fr/images-v3/0c44253f-c4a3-4340-9d37-d41e42b9d14a/21eab897-68de-487f-bce9-0152a97e38a6/300x300.jpg
Epicerie Sucrée,5d918a1e-da01-4a7b-aebd-35c42dc4d42b,MPX_1892570,Monoprix Gaufres aux Oeufs x6 260g,1.59,6.12,"['Mes marques Monoprix', 'Monoprix', 'Epicerie sucrée', 'Biscuit et Gâteau']",Monoprix,True,False,false,3.0,WEEK,260g,[],https://courses.monoprix.fr/images-v3/0c44253f-c4a3-4340-9d37-d41e42b9d14a/9d01d333-8842-49b4-8e40-a86bbd303f1b/300x300.jpg
Epicerie Sucrée,ccaaa465-9cc8-457a-90ab-22a9fd333e69,MPX_3010907,Bonne Maman Confiture à la fraise intense 335g,2.59,7.73,"['Nos sélections', 'Inspiration du moment', '& Notre sélection brunch', 'Confiture, pâte à tartiner et miel']",Bonne Maman,True,False,false,2.0,MONTH,335g,[],https://courses.monoprix.fr/images-v3/0c44253f-c4a3-4340-9d37-d41e42b9d14a/4d1adc91-5b3d-49ca-a6f8-d9d443fb867a/300x300.jpg
Epicerie Sucrée,9c39fbd0-d571-420b-94d5-eceef115ee5d,MPX_26136,Lu Lulu La Barquette Biscuits Chocolat 120g,1.29,10.75,"['Nos sélections', 'Boutique Enfants', 'Pour le goûter de vos enfants', 'Biscuit et Goûter']",LU,True,False,false,1.0,MONTH,120g,['Produit bio'],https://courses.monoprix.fr/images-v3/0c44253f-c4a3-4340-9d37-d41e42b9d14a/0cdee4fd-9c45-44b9-9dcb-8eb831ff92da/300x300.jpg
Epicerie Sucrée,15f141a8-7c94-4d69-bc72-cfa402178474,MPX_3343693,Nestlé Céréales Chocapic Bio 375g,4.49,11.97,"['Epicerie Sucrée', 'Céréale et Barre', 'Céréale et Barre bio']",Chocapic,True,False,false,2.0,MONTH,375g,['Produit bio'],https://courses.monoprix.fr/images-v3/0c44253f-c4a3-4340-9d37-d41e42b9d14a/eb3cc7ec-a8b3-44ab-9b33-e732379158b7/300x300.jpg
Epicerie Sucrée,4e5fdec9-12f4-46b1-adf6-d9820f88243e,MPX_1834131,Monoprix Pruneaux d'Agen Géants Dénoyautés 500g,5.99,11.98,"['Fruits & Légumes', 'Fruits Secs & Graines', 'Pruneaux, Raisins et Autres Fruits Secs']",Monoprix,True,False,false,2.0,MONTH,500g,[],https://courses.monoprix.fr/images-v3/0c44253f-c4a3-4340-9d37-d41e42b9d14a/8b527440-510a-4471-80d3-8c7b65960d05/300x300.jpg
Epicerie Sucrée,d205c447-453c-492a-882e-d37255cbed53,MPX_2823785,Pom'Potes Compote De Pommes Et Abrico 20X90g,10.5,5.83,"['Nos sélections', 'Boutique Enfants', 'Pour le goûter de vos enfants', 'Compote']",POM'POTES,True,False,false,2.0,MONTH,20 x 90g,[],https://courses.monoprix.fr/images-v3/0c44253f-c4a3-4340-9d37-d41e42b9d14a/c21bc49c-9210-4415-ba4a-e75a4200f5b2/300x300.jpg
Epicerie Sucrée,a65b8119-60ab-4f6f-9f7d-68f7088f0e10,MPX_3280763,Lu Biscuits Thé 350g,1.85,5.29,"['Epicerie Sucrée', 'Biscuit Sec', 'Biscuit sec et Sablé']",LU,True,False,false,2.0,MONTH,350g,[],https://courses.monoprix.fr/images-v3/0c44253f-c4a3-4340-9d37-d41e42b9d14a/941946fb-bd8d-4ef9-a27b-ef6958f4554a/300x300.jpg
Epicerie Sucrée,e1a19be6-3d23-445a-a02c-86951751a8aa,MPX_893602,Lu Pepito Gâteaux aux pépites de Chocolat 300g,3.25,10.83,"['Nos sélections', 'Inspiration du moment', '& Kit du supporter', 'ENCAS']",PEPITO,True,False,false,1.0,MONTH,300g,[],https://courses.monoprix.fr/images-v3/0c44253f-c4a3-4340-9d37-d41e42b9d14a/e2c317f1-7d71-419d-a4a7-595dc88e9187/300x300.jpg
Epicerie Sucrée,85b63890-5d1c-472e-8f51-f1229eb30936,MPX_768,Milka Tablette Chocolat Au Lait Du Pays Alpin Maxi Format 200g,2.45,12.25,"['Epicerie Sucrée', 'Chocolat et Confiserie', 'Tablette de chocolat', 'Chocolat au lait']",Milka,True,False,false,2.0,MONTH,200g,[],https://courses.monoprix.fr/images-v3/0c44253f-c4a3-4340-9d37-d41e42b9d14a/dcd437bf-80eb-4913-b6af-8972bdd728a4/300x300.jpg
Epicerie Sucrée,4cedf699-c630-4918-8348-78a4d3f13aa6,MPX_3176370,Lotus Speculoos 2x125g,2.39,9.56,"['Epicerie Sucrée', 'Biscuit Sec', 'Biscuit sec et Sablé']",Lotus bakeries,True,False,false,2.0,MONTH,250g,['Produit vegan'],https://courses.monoprix.fr/images-v3/0c44253f-c4a3-4340-9d37-d41e42b9d14a/001e9d6c-6f9b-42cc-9fd4-96ba1a56f20e/300x300.jpg
Epicerie Sucrée,f85f21db-dce9-4a9d-8963-9bfeb0a1b131,MPX_109211,Régilait Nuage De Lait Concentré Non Sucré 10x7.5g,0.99,13.2,"['Nos sélections', 'Inspiration du moment', ""& La pâtisserie c'est du gâteau"", 'Produits laitiers et œufs']",Régilait,True,False,false,2.0,MONTH,75g,[],https://courses.monoprix.fr/images-v3/0c44253f-c4a3-4340-9d37-d41e42b9d14a/c60b1540-cfed-46cf-a603-632b6e8c03b1/300x300.jpg
Epicerie Sucrée,2bcd330b-c559-4747-92e4-4d38d316d68e,MPX_390,St Michel Galettes au beurre 130 g,1.15,8.85,"['Epicerie Sucrée', 'Biscuit Sec', 'Biscuit sec et Sablé']",St Michel,True,False,false,2.0,MONTH,130g,[],https://courses.monoprix.fr/images-v3/0c44253f-c4a3-4340-9d37-d41e42b9d14a/0c28674c-65d2-475c-acb9-ba400fac5de2/300x300.jpg
Epicerie Sucrée,3bdb5676-7737-4556-94cf-d5f0480a49de,MPX_3823179,La Boulangère Pains au lait complet Bio 280g,2.89,10.32,"['Bio', 'Epicerie sucrée bio', 'Pain et Galette de riz bio', 'Pain et Biscotte bio']",La Boulangère,True,False,false,1.0,WEEK,280g,['Produit bio'],https://courses.monoprix.fr/images-v3/0c44253f-c4a3-4340-9d37-d41e42b9d14a/0cee7707-03aa-406f-9a63-63bbd4d8ee5d/300x300.jpg
Epicerie Sucrée,eaa3934a-ed6c-4418-9800-3841922f042e,MPX_3836701,Harrys brioche tranchée allegee en sucre sans additifs 485g,3.59,7.4,"['Epicerie Sucrée', 'Pain au lait et Brioche', 'Brioche tranchée et Brioche tressée']",Harrys,True,False,false,1.0,WEEK,485g,[],https://courses.monoprix.fr/images-v3/0c44253f-c4a3-4340-9d37-d41e42b9d14a/7c4cc95f-0c64-4bf8-896c-4abeea9435b0/300x300.jpg
Epicerie Sucrée,c9bea512-6462-4f79-a644-b27ae93c2e17,MPX_2077253,Meo Café Moulu Biologique 500G,7.49,14.98,"['Bio', 'Boisson et Cave bio', 'Café bio']",MEO,True,False,false,2.0,MONTH,500g,['Produit bio'],https://courses.monoprix.fr/images-v3/0c44253f-c4a3-4340-9d37-d41e42b9d14a/8bffaccc-f895-416f-bd36-702c2c834924/300x300.jpg
Epicerie Sucrée,9d9fa175-73c3-4a01-a820-83d5d521b14f,MPX_1398116,Bjorg Flocons d'Avoine Complète Bio 500g,2.85,5.7,"['Epicerie Sucrée', 'Céréale et Barre', 'Céréale et Barre bio']",Bjorg,True,False,false,1.0,MONTH,500g,['Produit bio'],https://courses.monoprix.fr/images-v3/0c44253f-c4a3-4340-9d37-d41e42b9d14a/935c5865-3262-4ff0-a2d5-8d0a8a19f36a/300x300.jpg
Epicerie Sucrée,d6c16a27-8611-4ddb-9846-09aa3cc114c6,MPX_23,Clement Faugier Crème De Marrons De L'Ardèche 500g,2.89,5.78,"['Nos régions de France', 'Auvergne Rhône Alpes', 'Dauphiné']",Clement Faugier,True,False,false,1.0,YEAR,500g,"['Produit vegan', 'Produit casher']",https://courses.monoprix.fr/images-v3/0c44253f-c4a3-4340-9d37-d41e42b9d14a/e74f0066-5aa8-466d-8884-4fbf4fb4f0fd/300x300.jpg
Epicerie Sucrée,57f5e370-8690-4871-ae90-156553ba4106,MPX_2522,Lu Pim's Biscuits génoise Framboise et nappage Chocolat 150g,1.55,10.33,"['Epicerie Sucrée', 'Biscuit Sec', 'Biscuit aux fruits']",Pim's,True,False,false,2.0,MONTH,150g,[],https://courses.monoprix.fr/images-v3/0c44253f-c4a3-4340-9d37-d41e42b9d14a/47821c86-aa23-42f4-bb62-1d5450e43bb4/300x300.jpg
Epicerie Sucrée,d1bfac8f-c131-4399-ae00-d8973fe96d71,MPX_2484042,Mini BN Biscuits fourrés à la pulpe de fraise 175g,2.85,16.29,"['Epicerie Sucrée', 'Biscuit Sec', 'Goûter et Format individuel']",Bn,True,False,false,2.0,MONTH,175g,[],https://courses.monoprix.fr/images-v3/0c44253f-c4a3-4340-9d37-d41e42b9d14a/565f7267-ca28-45f7-a0bb-1915fa858576/300x300.jpg
Epicerie Sucrée,53ecef2c-b607-4349-9059-74b2bd16def9,MPX_3524150,Pom'Potes Sans Sucres Ajoutés Pomme Banane 4X90G,3.29,9.14,"['Epicerie Sucrée', 'Compote et Crème dessert', 'Compote', 'Individuelles']",POM'POTES,True,False,false,2.0,MONTH,4 x 90g,[],https://courses.monoprix.fr/images-v3/0c44253f-c4a3-4340-9d37-d41e42b9d14a/3f436958-5d3c-42a3-85de-4c26f6743ddd/300x300.jpg
Epicerie Sucrée,a1df56a1-1e05-4476-9773-399f6e7cf8a5,MPX_2664538,Monoprix Bio Sirop d'agave le pot de 350g,2.99,8.54,"['Nos sélections', 'Inspiration du moment', ""& La pâtisserie c'est du gâteau"", 'Vanille, Arôme et Décor']",Monoprix Bio,True,False,false,6.0,MONTH,350g,['Produit bio'],https://courses.monoprix.fr/images-v3/0c44253f-c4a3-4340-9d37-d41e42b9d14a/3992f4a5-c754-4358-bf99-4357d4acbac6/300x300.jpg
Epicerie Sucrée,f8bc8d4a-f21e-4e31-899e-fad7ae414751,MPX_750,Lu Cracotte Biscottes fourées au Chocolat 200g,2.29,11.45,"['Nos sélections', 'Boutique Enfants', 'Pour le petit-déjeuner de vos enfants']",Cracotte,True,False,false,2.0,MONTH,200g,[],https://courses.monoprix.fr/images-v3/0c44253f-c4a3-4340-9d37-d41e42b9d14a/1b99fb8f-4d48-4a9f-939f-15cc9f3949ee/300x300.jpg
Epicerie Sucrée,ea53cd55-a49f-4e67-b573-aeb0b5a05310,MPX_3166612,Monoprix Bio Galettes de Riz Fourrés 120g,2.99,24.92,"['Bio', 'Epicerie sucrée bio', 'Pain et Galette de riz bio', 'Galette de riz bio']",Monoprix Bio,True,False,false,2.0,MONTH,120g,['Produit bio'],https://courses.monoprix.fr/images-v3/0c44253f-c4a3-4340-9d37-d41e42b9d14a/46c9a9af-1e4c-43f0-b585-cbaa43bb211b/300x300.jpg
Epicerie Sucrée,601fc947-1b56-4e51-a6a7-f31b87d33305,MPX_6603258,Kinder Bueno Barre Chocolatée Chocolat au Lait x10 430g,7.55,17.56,"['Epicerie Sucrée', 'Chocolat et Confiserie', 'Barre de chocolat et Bille']",Kinder,True,False,false,2.0,MONTH,430g,[],https://courses.monoprix.fr/images-v3/0c44253f-c4a3-4340-9d37-d41e42b9d14a/4cd08bb2-7c52-473d-a14b-e574bd99c8d0/300x300.jpg
Epicerie Sucrée,f77f8a74-9750-4e44-969e-46ea5b6f55cd,MPX_81379,Bonne Maman Galette pur beurre 170 g,2.59,15.24,"['Epicerie Sucrée', 'Biscuit Sec', 'Biscuit sec et Sablé']",Bonne Maman,True,False,false,2.0,MONTH,170g,[],https://courses.monoprix.fr/images-v3/0c44253f-c4a3-4340-9d37-d41e42b9d14a/56cef5e4-98e9-440b-a962-cd687affeddf/300x300.jpg
Epicerie Sucrée,f4b62e8d-ff39-45fa-a54a-666c761b4e05,MPX_5094662,Charles & Alice Compote Pommes Fraises Sans Sucres Ajoutés 4x 100g,2.19,5.48,"['Produits Laitiers, Œufs et Fromages', 'Desserts', 'Compotes fraîches']",Charles & Alice,True,False,false,1.0,MONTH,400g,[],https://courses.monoprix.fr/images-v3/0c44253f-c4a3-4340-9d37-d41e42b9d14a/23f2a423-ece0-42fa-9470-70b034fcdd54/300x300.jpg
Epicerie Sucrée,02c42402-8b97-4342-a159-7736662aeec5,MPX_3021503,Bonne Maman Confiture abricot intense 335g,2.49,7.43,"['Epicerie Sucrée', 'Confiture, Pâte à tartiner et Miel', 'Confiture allégée']",Bonne Maman,True,False,false,2.0,MONTH,335g,[],https://courses.monoprix.fr/images-v3/0c44253f-c4a3-4340-9d37-d41e42b9d14a/c1941412-d007-4b6f-ab9a-fb130b180b44/300x300.jpg
Epicerie Sucrée,ac861cc0-5d37-4fe4-919f-af8ee8bc0c1d,MPX_4981853,Monoprix Bio Gourdes multifruits 12x90g,7.29,6.75,"['Produits Laitiers, Œufs et Fromages', 'Desserts', 'Desserts bio']",Monoprix Bio,True,False,false,2.0,MONTH,12 x 90g,['Produit bio'],https://courses.monoprix.fr/images-v3/0c44253f-c4a3-4340-9d37-d41e42b9d14a/4723889a-88f6-4d25-87fe-fcc887b43fd6/300x300.jpg
Epicerie Sucrée,95a254ff-ad89-43b4-9dc4-6958eca85077,MPX_1821165,Monoprix Galettes suédoises au chocolat et aux flocons d'avoine 150g,2.69,17.93,"['Nos sélections', 'Boutique Enfants', 'Pour le goûter de vos enfants', 'Biscuit et Goûter']",Monoprix,True,False,false,2.0,MONTH,150g,[],https://courses.monoprix.fr/images-v3/0c44253f-c4a3-4340-9d37-d41e42b9d14a/1afcdd29-9dc5-4565-8328-7f4e8361361f/300x300.jpg
Epicerie Sucrée,ca130517-cf69-45fe-9151-40380e56753c,MPX_3291995,Meo Café Pur Arabica en Grains Biologique 500g,7.99,15.98,"['Bio', 'Boisson et Cave bio', 'Café bio']",MEO,True,False,false,6.0,MONTH,500g,['Produit bio'],https://courses.monoprix.fr/images-v3/0c44253f-c4a3-4340-9d37-d41e42b9d14a/64e57a12-4e5e-4528-9697-997fd6d675de/300x300.jpg
Epicerie Sucrée,5e37700d-aded-4151-90be-931af355fe92,MPX_6622776,Kellogg's céréales miel pops 330g,3.29,9.97,"['Epicerie Sucrée', 'Céréale et Barre', 'Enfant et Ado']",Kellogg's,True,False,false,2.0,MONTH,330g,"['Produit halal', 'Produit casher']",https://courses.monoprix.fr/images-v3/0c44253f-c4a3-4340-9d37-d41e42b9d14a/59890ffe-7471-461b-9900-268cbc85bf93/300x300.jpg
Epicerie Sucrée,c0163f20-34bd-4593-a0fc-e161bf0656cf,MPX_1253837,Illy Café Classico 100% Arabica 250G,7.49,29.96,"['Epicerie Sucrée', 'Café, Thé et Boisson chaude', 'Café', 'Grains']",illy,True,False,false,6.0,MONTH,250g,[],https://courses.monoprix.fr/images-v3/0c44253f-c4a3-4340-9d37-d41e42b9d14a/2cb6d72c-7b9d-4e9e-90b4-aab2b2926bb7/300x300.jpg
Epicerie Sucrée,5ae4d9ac-a957-42a3-b924-a2969ce0321c,MPX_733995,Lu Pepito Pockitos Barre fourrés au Chocolat au Lait 295g,4.35,14.75,"['Nos sélections', 'Boutique Enfants', 'Pour le goûter de vos enfants', 'Biscuit et Goûter']",Pepito,True,False,false,1.0,MONTH,295g,[],https://courses.monoprix.fr/images-v3/0c44253f-c4a3-4340-9d37-d41e42b9d14a/7e3d9b2f-8437-41fc-a4e4-a9051afb2c3e/300x300.jpg
Epicerie Sucrée,b0db2af5-08c8-406b-8bd8-20497bd623b9,MPX_2307247,Bonne Maman Petits cookies 250 g,3.49,13.96,"['Epicerie Sucrée', 'Biscuit Sec', 'Cookie']",Bonne Maman,True,False,false,2.0,MONTH,250g,[],https://courses.monoprix.fr/images-v3/0c44253f-c4a3-4340-9d37-d41e42b9d14a/e97af619-d78c-4ba8-a0a8-ee50925a36f6/300x300.jpg
Epicerie Sucrée,c5abc3a1-6064-4f58-9f24-d18fb321327b,MPX_2291188,Monoprix Bio Cookies aux pépites de chocolat et noisettes 175g,2.15,12.29,"['Bio', 'Epicerie sucrée bio', 'Biscuit bio']",Monoprix Bio,True,False,false,2.0,MONTH,175g,['Produit bio'],https://courses.monoprix.fr/images-v3/0c44253f-c4a3-4340-9d37-d41e42b9d14a/a34dbe50-ebca-4c1e-abd9-7a62a824cd79/300x300.jpg
Epicerie Sucrée,9d653ee1-b847-4eb3-9dc8-146b2cfc1c45,MPX_2862589,Kinder Country Barre Céréalière Enrobée De Chocolat Au Lait 211g,3.85,18.25,"['Nos sélections', 'Boutique Enfants', 'Pour le goûter de vos enfants', 'Bonbon et Confiserie']",Kinder,True,False,false,2.0,MONTH,211g,[],https://courses.monoprix.fr/images-v3/0c44253f-c4a3-4340-9d37-d41e42b9d14a/f5369041-e5bd-40f3-896d-4d2f8b6fbd1c/300x300.jpg
Epicerie Sucrée,7fa167ad-8f87-4883-a76e-804f9b62396a,MPX_1037124,Seeberger Noix De Cajou Naturelle 200G,5.99,29.95,"['Epicerie Sucrée', 'Céréale et Barre', 'Fruits Secs et Graines', 'Amandes, Noix et Autres Fruits à Coques']",Seeberger,True,False,false,2.0,MONTH,200g,[],https://courses.monoprix.fr/images-v3/0c44253f-c4a3-4340-9d37-d41e42b9d14a/039b2004-f0e8-46b8-a407-609769eeadfa/300x300.jpg
Epicerie Sucrée,ab2b8ddd-014f-4030-bdce-93f59448e540,MPX_2396804,Clipper Infusion Citron & Gingembre Bio 50g,3.69,73.8,"['Epicerie Sucrée', 'Café, Thé et Boisson chaude', 'Thé et Infusion', 'Infusion aromatisée']",Clipper,True,False,false,1.0,MONTH,50g,['Produit bio'],https://courses.monoprix.fr/images-v3/0c44253f-c4a3-4340-9d37-d41e42b9d14a/beeb0778-84c3-4593-ad22-148aeaf0d25c/300x300.jpg
Epicerie Sucrée,daf171c3-f1e5-4ccc-932b-bcea5fc8a82b,MPX_4798320,Nature Valley Barre De Céréales Protein Caramel Salé & Cacahuètes 4X40G,3.99,24.94,"['Epicerie Sucrée', 'Céréale et Barre', 'Barre de céréales']",Nature valley,True,False,false,2.0,MONTH,160g,[],https://courses.monoprix.fr/images-v3/0c44253f-c4a3-4340-9d37-d41e42b9d14a/42004eee-5faa-4d15-8536-fa48f338092c/300x300.jpg
Epicerie Sucrée,19d1bf9d-dbfa-41dc-98f2-575d6aab170d,MPX_6603584,Rigoni Di Asiago Nocciolata Pâte à Tartiner Cacao et noisettes Bio 250g,3.95,15.8,"['Epicerie Sucrée', 'Confiture, Pâte à tartiner et Miel', 'Pâte à tartiner']",Rigoni di asiago,True,False,false,1.0,YEAR,250g,['Produit bio'],https://courses.monoprix.fr/images-v3/0c44253f-c4a3-4340-9d37-d41e42b9d14a/37e53fdf-354b-412a-9e19-d335ef362bb3/300x300.jpg
Epicerie Sucrée,6c4aaee9-6c58-472b-b9d4-dce96f890afd,MPX_2810471,Bonne Maman Gaufres au sucre perlé 6 sachets 300G,3.79,12.63,"['Nos sélections', 'Inspiration du moment', '& Notre sélection brunch', 'Pâtisseries']",Bonne maman,True,False,false,2.0,WEEK,300g,[],https://courses.monoprix.fr/images-v3/0c44253f-c4a3-4340-9d37-d41e42b9d14a/45d67446-8526-4964-ab08-6a9ff7ea8073/300x300.jpg
Epicerie Sucrée,d405acea-3a02-4ef0-8644-438a1968f382,MPX_6571352,Sol sucre semoule en sachet 1kg,1.69,1.69,"['Nos recettes', 'Recettes Sucrées', '& Layer cake aux fruits rouges']",Sol,True,False,false,,,1kg,[],https://courses.monoprix.fr/images-v3/0c44253f-c4a3-4340-9d37-d41e42b9d14a/968894f8-cbeb-4a71-b75b-b78e066516ca/300x300.jpg
Epicerie Sucrée,8af29f37-e071-4766-a4ec-0b822d66907b,MPX_3306904,Lindt Creation Tablette Rocher Noir 150g,3.39,22.6,"['Epicerie Sucrée', 'Chocolat et Confiserie', 'Tablette de chocolat', 'Chocolat noir']",Lindt,True,False,false,2.0,MONTH,150g,[],https://courses.monoprix.fr/images-v3/0c44253f-c4a3-4340-9d37-d41e42b9d14a/0840f289-d572-489c-b516-19b6559cadfb/300x300.jpg
Epicerie Sucrée,8c18ba39-fc71-41a4-b80f-0c4f89f7d47b,MPX_2204843,Quaker Oats Céréales Flocons d'avoine complète format 800 g,3.39,4.24,"['Nos recettes', 'Recettes Sucrées', '& Barre figues abricot et pistaches']",Quaker,True,False,false,2.0,MONTH,800g,[],https://courses.monoprix.fr/images-v3/0c44253f-c4a3-4340-9d37-d41e42b9d14a/8bc7e2ee-844a-4515-802e-1b80338d7743/300x300.jpg
Epicerie Sucrée,507af4ba-2375-4c8e-b409-26cf624a8f07,MPX_3859284,Lu Petit Ecolier Biscuits Petit Beurre Nappés au Chocolat au Lait 2x150g,3.09,10.3,"['Epicerie Sucrée', 'Biscuit Sec', 'Biscuit au chocolat']",PETIT ECOLIER,True,False,false,2.0,MONTH,2 x 150g,[],https://courses.monoprix.fr/images-v3/0c44253f-c4a3-4340-9d37-d41e42b9d14a/ba0ee34b-b57d-4078-b989-e51de8e6f74f/300x300.jpg
Epicerie Sucrée,d220ee7e-4952-496d-8dfa-5f966730f134,MPX_6622775,Kellogg's céréales frosties 330g,2.79,8.45,"['Epicerie Sucrée', 'Céréale et Barre', 'Enfant et Ado']",Kellogg's,True,False,false,2.0,MONTH,330g,"['Produit halal', 'Produit casher']",https://courses.monoprix.fr/images-v3/0c44253f-c4a3-4340-9d37-d41e42b9d14a/b458342f-3619-4c82-8e3f-58796c89d6ae/300x300.jpg
Epicerie Sucrée,971c3aad-9c98-4c13-a80a-09824e487687,MPX_4230855,Monoprix pomme banane 4x100g,1.49,3.73,"['Produits Laitiers, Œufs et Fromages', 'Desserts', 'Compotes fraîches']",MONOPRIX,True,False,false,2.0,MONTH,4 x 100g,[],https://courses.monoprix.fr/images-v3/0c44253f-c4a3-4340-9d37-d41e42b9d14a/c9e3b78f-5625-4094-bb9a-e66d20aff77d/300x300.jpg
Epicerie Sucrée,97490ec2-5adf-4fa7-8b14-b87b5f7358a5,MPX_3173066,Bjorg Galettes Riz Complet Bio Sans Gluten 130g,1.75,13.46,"['Bio', 'Epicerie sucrée bio', 'Pain et Galette de riz bio', 'Galette de riz bio']",Bjorg,True,False,false,1.0,MONTH,130g,['Produit bio'],https://courses.monoprix.fr/images-v3/0c44253f-c4a3-4340-9d37-d41e42b9d14a/f6376eab-aa62-436b-a9ae-72b00cdea559/300x300.jpg
Epicerie Sucrée,1f529d1e-c0d9-4daf-9239-07e64d7f4e8f,MPX_1946441,Freedent White Chewing-gum À La Menthe Forte Sans Sucres 70g,2.69,38.43,"['Epicerie Sucrée', 'Chocolat et Confiserie', 'Chewing gum']",Freedent,True,False,false,2.0,MONTH,70g,[],https://courses.monoprix.fr/images-v3/0c44253f-c4a3-4340-9d37-d41e42b9d14a/1db407ce-c2a1-4420-ae35-4dd108953554/300x300.jpg
Epicerie Sucrée,07fa1da3-7bab-4c3c-9bb1-9f9cd9f13020,MPX_6579939,Tipiak fine chapelure de pain 250g,1.15,4.6,"['Epicerie Sucrée', 'Sucre, Farine et Aide à la pâtisserie', 'Farine']",Tipiak,True,False,false,6.0,MONTH,250g,"['Produit halal', 'Produit vegan', 'Produit casher']",https://courses.monoprix.fr/images-v3/0c44253f-c4a3-4340-9d37-d41e42b9d14a/b3aa7e34-50d8-4f47-97f7-2cca8d6271a1/300x300.jpg
Epicerie Sucrée,cc133a70-09a6-4599-b54c-ff571471c234,MPX_2687203,Monoprix Bio Gaufres Fourrage Au Miel 175G,2.15,12.29,"['Bio', 'Epicerie sucrée bio', 'Biscuit bio']",Monoprix Bio,True,False,false,2.0,MONTH,175g,['Produit bio'],https://courses.monoprix.fr/images-v3/0c44253f-c4a3-4340-9d37-d41e42b9d14a/f98bf073-9fda-4cde-a5e8-78e041b489e8/300x300.jpg
Epicerie Sucrée,ecf037fc-b367-4e29-a52e-686542866198,MPX_1292229,Nestlé Lion Céréales 400G,2.89,7.23,"['Nos sélections', 'Boutique Enfants', 'Pour le petit-déjeuner de vos enfants']",Lion,True,False,false,2.0,MONTH,400g,[],https://courses.monoprix.fr/images-v3/0c44253f-c4a3-4340-9d37-d41e42b9d14a/5995fa3f-b69d-447b-bd5e-4928022373fd/300x300.jpg
Epicerie Sucrée,524216f8-5338-4cf4-81c1-6f923dec6faa,MPX_3164805,Quaker Cruesli Céréales Mélange De Noix 450 G,4.09,9.09,"['Nos sélections', 'Inspiration du moment', '& Notre sélection brunch', 'Céréales']",Quaker,True,False,false,2.0,MONTH,450g,[],https://courses.monoprix.fr/images-v3/0c44253f-c4a3-4340-9d37-d41e42b9d14a/87ad3cbb-da75-4192-bed8-d48320173988/300x300.jpg
Epicerie Sucrée,83d252f8-beef-47c6-926d-ef5862b826da,MPX_3070782,Twinings Thé Original Earl Grey 25 Sachets 50g,2.79,55.8,"['Epicerie Sucrée', 'Café, Thé et Boisson chaude', 'Thé et Infusion', 'Thé parfumé']",Twinings,True,False,false,6.0,MONTH,50g,[],https://courses.monoprix.fr/images-v3/0c44253f-c4a3-4340-9d37-d41e42b9d14a/b34ddb80-795a-48f7-8b39-469fa3f0b1cc/300x300.jpg
Epicerie Sucrée,a303859d-459c-4218-938e-e11f11427153,MPX_4409822,Bonne Maman Madeleine Coeur Chocolat x10 300g,4.89,16.3,"['Epicerie Sucrée', 'Gâteau, Crêpe et Gaufre', 'Madeleine, Financier et Muffin']",Bonne Maman,True,False,false,1.0,MONTH,300g,[],https://courses.monoprix.fr/images-v3/0c44253f-c4a3-4340-9d37-d41e42b9d14a/ca35ae5f-8169-4475-9dea-d59d796189ab/300x300.jpg
Epicerie Sucrée,b353a35e-3ff2-473b-af7d-1b8c32bfc2e2,MPX_2823787,Pom'Potes Compote De Pommes Le Pack De 12X90G,5.79,5.36,"['Nos sélections', 'Boutique Enfants', 'Pour le goûter de vos enfants', 'Compote']",POM'POTES,True,False,false,2.0,MONTH,12 x 90g,[],https://courses.monoprix.fr/images-v3/0c44253f-c4a3-4340-9d37-d41e42b9d14a/14fc4473-3e87-4896-984e-77f9fd938ece/300x300.jpg
Epicerie Sucrée,bc281686-d68d-4bdc-8663-0c90e83fb147,MPX_2216529,Pom'Potes bio pomme nature le pack de 12x 90g,8.99,8.32,"['Nos sélections', 'Boutique Enfants', 'Pour le goûter de vos enfants', 'Compote']",Pom'Potes,True,False,false,2.0,MONTH,12 x 90g,['Produit bio'],https://courses.monoprix.fr/images-v3/0c44253f-c4a3-4340-9d37-d41e42b9d14a/1d5fafd7-28d5-4c1d-a625-4889af8ab1c9/300x300.jpg
Fruits & Légumes,2a63a7c4-b271-4761-a5e4-b639452cd509,MPX_2936798,Ferme d'Anchin Soupe Lentille Corail et Cumin Bio 30cl,3.09,10.3,"['Fruits & Légumes', 'Soupes & Purées', 'Soupes à réchauffer']",Les recettes ferme d'anchin,True,False,false,1.0,WEEK,300ml,['Produit bio'],https://courses.monoprix.fr/images-v3/0c44253f-c4a3-4340-9d37-d41e42b9d14a/bbd87e8e-6bcf-48aa-9fb1-89a89dd65383/300x300.jpg
Fruits & Légumes,d39766cd-a38e-4eaf-a67b-1ec6a67dfda8,MPX_2007468,Ferme d'Anchin soupe 5 légumes Bio 300ml,3.09,10.3,"['Bio', 'Fruit et Légume bio', 'Légume frais bio']",Les recettes ferme d'anchin,True,False,false,1.0,WEEK,300ml,['Produit bio'],https://courses.monoprix.fr/images-v3/0c44253f-c4a3-4340-9d37-d41e42b9d14a/f690be0c-770e-477b-86d8-8d5551a4cc38/300x300.jpg
Fruits & Légumes,c8a97134-ed38-4146-ad7f-c150574c4825,MPX_2713534,La Ferme d'Anchin soupe petit pois brocoli et courgette Bio 300ml,3.09,10.3,"['Fruits & Légumes', 'Soupes & Purées', 'Soupes à réchauffer']",Les Recettes Ferme d'Anchin,True,False,false,1.0,WEEK,300ml,['Produit bio'],https://courses.monoprix.fr/images-v3/0c44253f-c4a3-4340-9d37-d41e42b9d14a/fd387262-2d5a-444a-8945-0639e7ec2078/300x300.jpg
Fruits & Légumes,ef157d43-5c60-4e4f-b964-b5c009771123,MPX_3537828,L'Atelier Blini Olives Vertes Et Noires Ail & Herbes De Provence Bio 150G,4.59,30.6,"['Fruits & Légumes', 'Prêts à consommer', 'Olives et Tapenades']",Atelier Blini,True,False,false,2.0,WEEK,150g,['Produit bio'],https://courses.monoprix.fr/images-v3/0c44253f-c4a3-4340-9d37-d41e42b9d14a/8111c1ef-aa0d-4dfb-9419-94deb5ff54da/300x300.jpg
Fruits & Légumes,e115d8ec-a014-4f97-8573-ac83fd4852a5,MPX_6714593,Monoprix tomate cerise en grappe 300g,4.99,16.63,"['Fruits & Légumes', 'Légumes Frais', 'Tomates']",Monoprix,True,False,false,3.0,DAY,300g,[],https://courses.monoprix.fr/images-v3/0c44253f-c4a3-4340-9d37-d41e42b9d14a/fd16bbd3-99b4-4b19-b22e-7b557e66cad5/300x300.jpg
Fruits & Légumes,82510d90-403c-4686-8cdf-f5f4bbdcd027,MPX_2713536,Ferme d'Anchin Velouté Bio aux Champignons et Cèpes,3.09,10.3,"['Fruits & Légumes', 'Soupes & Purées', 'Soupes à réchauffer']",Les Recettes Ferme d'Anchin,True,False,false,1.0,WEEK,300ml,['Produit bio'],https://courses.monoprix.fr/images-v3/0c44253f-c4a3-4340-9d37-d41e42b9d14a/4b7f39b4-2303-4ff9-be95-181eed354ba9/300x300.jpg
Fruits & Légumes,9a5f489a-a8c2-46ca-88a0-ceedf0c940e7,MPX_3167867,L'Atelier Blini Olives Vertes Dénoyautées au Basilic Bio 150g,4.49,29.93,"['Fruits & Légumes', 'Prêts à consommer', 'Olives et Tapenades']",Atelier blini,True,False,false,2.0,WEEK,150g,['Produit bio'],https://courses.monoprix.fr/images-v3/0c44253f-c4a3-4340-9d37-d41e42b9d14a/bf81f532-f36e-4fe8-870c-7efc19923b5b/300x300.jpg
Fruits & Légumes,618fffdb-4df0-4903-8914-80dc91dd709d,MPX_3330711,Lunor Carottes lamelles 280g,2.49,8.89,"['Fruits & Légumes', 'Prêts à consommer', 'Crudités']",Fraîchement Cuit ,True,False,false,3.0,WEEK,280g,"['Produit végétarien', 'Produit vegan']",https://courses.monoprix.fr/images-v3/0c44253f-c4a3-4340-9d37-d41e42b9d14a/7f3fb6db-2229-42da-9c4e-65b5bfd68053/300x300.jpg
Fruits & Légumes,f5bc6fe9-6dba-46a4-a069-49b43c3a45f9,MPX_2822464,Florette Trio Mâche Roquette et Betterave 2x50g,1.89,18.9,"['Fruits & Légumes', 'Prêts à consommer', 'Salades']",Florette,True,False,false,2.0,DAY,100g,[],https://courses.monoprix.fr/images-v3/0c44253f-c4a3-4340-9d37-d41e42b9d14a/04264c98-4cd6-4f31-b90c-8b631848678e/300x300.jpg
Fruits & Légumes,be7c2659-bd2b-4341-9adc-3e5e64127497,MPX_2638524,Seeberger Amandes 500G,12.99,25.98,"['Epicerie Salée', 'Produit apéritif', 'Cacahuète, Noix, Amande et Pistache', 'Amande et Pistache']",Seeberger,True,False,false,2.0,MONTH,500g,[],https://courses.monoprix.fr/images-v3/0c44253f-c4a3-4340-9d37-d41e42b9d14a/0ec6536f-f293-4a7a-b2ee-c1d632130ad1/300x300.jpg
Fruits & Légumes,86dc5413-84e7-4b9a-bd86-480eb7a88ccf,MPX_2336666,Giraudet soupe bien être bio 50cl,6.19,12.38,"['Bio', 'Epicerie salée bio', 'Soupe bio']",Giraudet,True,False,false,1.0,WEEK,500ml,['Produit bio'],https://courses.monoprix.fr/images-v3/0c44253f-c4a3-4340-9d37-d41e42b9d14a/f1272e92-7d5d-4ea9-9ca3-9a807cfe37a4/300x300.jpg
Fruits & Légumes,1b865eeb-3c5c-4b25-8238-ce9b29aaadf8,MPX_2638584,Innocent smoothie antioxydant la bouteille 75cl,4.95,6.6,"['Fruits & Légumes', 'Jus Frais & Smoothies', 'Smoothies']",Innocent,True,False,false,1.0,WEEK,750ml,[],https://courses.monoprix.fr/images-v3/0c44253f-c4a3-4340-9d37-d41e42b9d14a/2b30a32f-9ecc-43eb-b3bf-967fa33fe944/300x300.jpg
Fruits & Légumes,152a4a80-4ad3-47b9-82d9-eebb2b5fe047,MPX_2140282,Giraudet Soupe Lentilles Corail au Curry Bio 50cl,5.99,11.98,"['Bio', 'Epicerie salée bio', 'Soupe bio']",Giraudet,True,False,false,1.0,WEEK,500ml,['Produit bio'],https://courses.monoprix.fr/images-v3/0c44253f-c4a3-4340-9d37-d41e42b9d14a/ea45d3b4-44a0-4593-b697-dd9a0cd0c640/300x300.jpg
Fruits & Légumes,ea61c272-672e-4c45-970d-27897275cd2b,MPX_2638585,Innocent smoothie energy la bouteille de 75cl,4.95,6.6,"['Fruits & Légumes', 'Jus Frais & Smoothies', 'Smoothies']",Innocent,True,False,false,1.0,WEEK,750ml,[],https://courses.monoprix.fr/images-v3/0c44253f-c4a3-4340-9d37-d41e42b9d14a/8ae9bb7a-6e31-4502-8458-0b83989e809d/300x300.jpg
Fruits & Légumes,4b2d759b-8833-4c35-86a0-079832dd4b76,MPX_3648296,Max Havelaar Banane Bio x5,1.99,0.4,"['Bio', 'Fruit et Légume bio', 'Fruit frais bio']",-,True,False,false,2.0,DAY,5 par pack,"['Produit équitable', 'Produit bio']",https://courses.monoprix.fr/images-v3/0c44253f-c4a3-4340-9d37-d41e42b9d14a/ff8abea8-c868-4116-bb38-956055fcde1b/300x300.jpg
Fruits & Légumes,d97b016b-faa7-4e7f-a34b-1751de9f91b5,MPX_2154121,Monoprix Bio Citron Jaune x4 Catégorie 2,2.29,0.57,"['Bio', 'Fruit et Légume bio', 'Fruit frais bio']",Monoprix,True,False,false,2.0,DAY,4 par pack,['Produit bio'],https://courses.monoprix.fr/images-v3/0c44253f-c4a3-4340-9d37-d41e42b9d14a/64a7ffe0-2247-4eed-9743-b66fa25ec0cd/300x300.jpg
Fruits & Légumes,93a955b6-fdf4-4743-8703-c0cd7e672d44,MPX_149317,Concombre Bio 1 pièce,1.99,1.99,"['Fruits & Légumes', 'Légumes Frais', 'Avocats, Concombres et Radis', 'Concombre']",BIO,True,False,false,2.0,DAY,,['Produit bio'],https://courses.monoprix.fr/images-v3/0c44253f-c4a3-4340-9d37-d41e42b9d14a/e450b817-5c2f-4efb-b9a5-fc38cfd54e6c/300x300.jpg
Fruits & Légumes,56283cda-80fc-4448-85cc-70231b5241da,MPX_2350772,Cœur de Sucrine x3,1.5,0.5,"['Fruits & Légumes', 'Prêts à consommer', 'Salades']",-,True,False,false,1.0,DAY,3 par pack,[],https://courses.monoprix.fr/images-v3/0c44253f-c4a3-4340-9d37-d41e42b9d14a/5df707dc-c675-40a7-b36d-706fd0c8f286/300x300.jpg
Fruits & Légumes,bada66b2-d1d4-477c-8f6f-a019dd78fffd,MPX_2564591,Avocat Hass Bio x2,4.49,2.25,"['Fruits & Légumes', 'Légumes Frais', 'Avocats, Concombres et Radis', 'Avocat']",-,True,False,false,2.0,DAY,2 par pack,['Produit bio'],https://courses.monoprix.fr/images-v3/0c44253f-c4a3-4340-9d37-d41e42b9d14a/ab1e4d87-5e87-4c98-b04f-b801c0610a8c/300x300.jpg
Fruits & Légumes,0b3aa36d-8524-4b68-88c3-6cb333bb06a2,MPX_3953108,Courgette 1kg,2.49,2.49,"['Fruits & Légumes', 'Légumes Frais', 'Aubergines, Courgettes et Poivrons', 'Courgette']",Monoprix,True,False,false,2.0,DAY,1kg,[],https://courses.monoprix.fr/images-v3/0c44253f-c4a3-4340-9d37-d41e42b9d14a/5944a1fb-dbd0-4cea-8e5c-ff6d0143d938/300x300.jpg
Fruits & Légumes,47c8d6ca-336d-4efd-86b2-07ff0692c030,MPX_2159157,Bouquet Bio Tomates cerise Bio 250g,2.99,11.96,"['Bio', 'Fruit et Légume bio', 'Légume frais bio']",-,True,False,false,3.0,DAY,250g,['Produit bio'],https://courses.monoprix.fr/images-v3/0c44253f-c4a3-4340-9d37-d41e42b9d14a/26278af1-5161-40b1-9ee1-4a0a9e7424ee/300x300.jpg
Fruits & Légumes,19fe8e3d-f256-4828-b138-7252e7010b49,MPX_810309,Oignon jaune 500g,1.99,3.98,"['Fruits & Légumes', 'Légumes Frais', 'Ail, Oignons et Echalotes', 'Oignon']",Monoprix,True,False,false,1.0,WEEK,500g,[],https://courses.monoprix.fr/images-v3/0c44253f-c4a3-4340-9d37-d41e42b9d14a/da45e92f-4fae-4175-8e0b-d2cd8dd03d6b/300x300.jpg
Fruits & Légumes,a0d92dc5-fb62-453f-86b1-4cc583f3bf19,MPX_6716509,"Monoprix Bio Carotte sachet 1,5kg",3.79,2.53,"['Fruits & Légumes', 'Légumes Frais', 'Pommes de terre et Carottes', 'Carotte']",Monoprix Bio,True,False,false,4.0,DAY,1.5kg,['Produit bio'],https://courses.monoprix.fr/images-v3/0c44253f-c4a3-4340-9d37-d41e42b9d14a/2d4d0ac2-c81b-482e-a7e7-16a071d41e50/300x300.jpg
Fruits & Légumes,d2135218-d77f-4a00-820f-b3f51038a97a,MPX_3430162,Monoprix Blanc de poireau 500g,3.99,7.98,"['Fruits & Légumes', 'Légumes Frais', 'Légumes de saison']",Monoprix,True,False,false,2.0,DAY,500g,[],https://courses.monoprix.fr/images-v3/0c44253f-c4a3-4340-9d37-d41e42b9d14a/3137fa21-46b7-4ecc-9f11-87be7dc0bf9d/300x300.jpg
Fruits & Légumes,cac0be93-edc3-4376-b03b-ca1f212903d7,MPX_5364365,"Pomme de terre 1,5kg",1.49,0.99,"['Fruits & Légumes', 'Légumes Frais', 'Pommes de terre et Carottes', 'Pommes de terre']",-,True,False,false,4.0,DAY,1.5kg,[],https://courses.monoprix.fr/images-v3/0c44253f-c4a3-4340-9d37-d41e42b9d14a/8f4b4d5a-c029-4345-a5cb-4753a38ca3cc/300x300.jpg
Fruits & Légumes,df0750a8-d8ae-4bbc-a7b1-20f987cc3a73,MPX_4055282,Natoora Tomate Ronde Pleine Terre - 500gr,3.49,6.98,"['Fruits & Légumes', 'Natoora le Primeur', 'Légumes, Salades et Herbes']",Natoora,True,False,false,4.0,DAY,500g,[],https://courses.monoprix.fr/images-v3/0c44253f-c4a3-4340-9d37-d41e42b9d14a/7938a15b-8727-43c7-8334-b00918df5c68/300x300.jpg
Fruits & Légumes,b2b149c2-27fe-4062-b139-c51671f8d2ad,MPX_3293006,Pomme Gala Bio x4 Catégorie 2,3.49,0.87,"['Bio', 'Fruit et Légume bio', 'Fruit frais bio']",-,True,False,false,3.0,DAY,4 par pack,['Produit bio'],https://courses.monoprix.fr/images-v3/0c44253f-c4a3-4340-9d37-d41e42b9d14a/7b3ffe1d-d565-4733-b4f4-f7df26b65729/300x300.jpg
Fruits & Légumes,6653c262-3ece-4a2f-8a69-69dcea880eff,MPX_3740943,Instant Bio Courgette Bio 500g,2.99,5.98,"['Fruits & Légumes', 'Légumes Frais', 'Aubergines, Courgettes et Poivrons', 'Courgette']",Instant Bio,True,False,false,2.0,DAY,500g,['Produit bio'],https://courses.monoprix.fr/images-v3/0c44253f-c4a3-4340-9d37-d41e42b9d14a/7ab5da70-41b8-438f-9a34-22acfa5929ca/300x300.jpg
Fruits & Légumes,f5bcd73d-15d3-4107-87e5-90ac6e7346a6,MPX_149017,Bio Betteraves Sous Vide 500G,1.99,3.98,"['Bio', 'Fruit et Légume bio', 'Légume frais bio']",-,True,False,false,2.0,WEEK,500g,['Produit bio'],https://courses.monoprix.fr/images-v3/0c44253f-c4a3-4340-9d37-d41e42b9d14a/7420a3ab-77ef-43ab-a757-a85a0458b1d9/300x300.jpg
Fruits & Légumes,0f9caf81-80b1-4037-bed2-6f507aa2d3a9,MPX_80119,Chou Brocoli 500G,2.49,4.98,"['Fruits & Légumes', 'Légumes Frais', 'Choux et Poireaux', 'Chou']",Monoprix,True,False,false,2.0,DAY,500g,[],https://courses.monoprix.fr/images-v3/0c44253f-c4a3-4340-9d37-d41e42b9d14a/ce75d1bb-c5fd-4fb5-ac04-bc3aaa1df5d3/300x300.jpg
Fruits & Légumes,edd2466e-ce6e-4340-976e-8e94f972b60a,MPX_3987638,Natoora Poire Conférence - CAT:I - 500gr,2.99,5.98,"['Fruits & Légumes', 'Natoora le Primeur', 'Fruits']",Natoora,True,False,false,5.0,DAY,500g,[],https://courses.monoprix.fr/images-v3/0c44253f-c4a3-4340-9d37-d41e42b9d14a/f59cd7d6-e669-426f-b551-1f6aaf474e9b/300x300.jpg
Fruits & Légumes,ccc9fab9-6cc2-465d-8b61-f7a9628048ea,MPX_2008202,Perle du Nord Endives en sachet x 5,4.99,1.0,"['Fruits & Légumes', 'Légumes Frais', 'Salades, Endives, Asperges et Artichauts', 'Endive']",Perle du Nord,True,False,false,2.0,DAY,5 par pack,[],https://courses.monoprix.fr/images-v3/0c44253f-c4a3-4340-9d37-d41e42b9d14a/520fbf24-d9ad-48fc-97ce-a5848c801c86/300x300.jpg
Fruits & Légumes,c5cb2188-a27f-469d-824b-e25885c45786,MPX_3174539,Driscoll's Myrtille 125g,2.99,23.92,"['Fruits & Légumes', 'Fruits Frais', 'Fruits Rouges', 'Myrtille']",FRUITS ROUGES AND CO ,True,False,false,2.0,DAY,125g,[],https://courses.monoprix.fr/images-v3/0c44253f-c4a3-4340-9d37-d41e42b9d14a/b0c2fd5d-3943-49dd-997c-e35f601c1c87/300x300.jpg
Fruits & Légumes,dc306371-195b-4103-b4b6-ff4550a20562,MPX_3440730,Pomme de Terre Grenailles Minute 500g,2.0,4.0,"['Nos sélections', 'Inspiration du moment', '& Frigo vide', 'Fruits et Légumes']",Priméale,True,False,false,6.0,DAY,500g,[],https://courses.monoprix.fr/images-v3/0c44253f-c4a3-4340-9d37-d41e42b9d14a/57e77e0b-d55c-4fd4-b026-f95316970649/300x300.jpg
Fruits & Légumes,12dc7dde-8e3c-44ac-826a-0e0c72e497e9,MPX_2824587,Oignon Rouge 3 Têtes,3.29,9.4,"['Fruits & Légumes', 'Légumes Frais', 'Ail, Oignons et Echalotes', 'Oignon']",Monoprix,True,False,false,1.0,WEEK,350g,[],https://courses.monoprix.fr/images-v3/0c44253f-c4a3-4340-9d37-d41e42b9d14a/767e9e4b-2355-4776-b06b-933bd6b13763/300x300.jpg
Fruits & Légumes,2e1a022b-acbe-4651-8e90-64942e9cadd4,MPX_1753538,Ail Blanc Bio 3 têtes,2.99,1.0,"['Bio', 'Fruit et Légume bio', 'Légume frais bio']",Monoprix,True,False,false,1.0,WEEK,3 par pack,['Produit bio'],https://courses.monoprix.fr/images-v3/0c44253f-c4a3-4340-9d37-d41e42b9d14a/5e795d76-6724-461f-acc5-edb122351884/300x300.jpg
Fruits & Légumes,b9b28d72-a729-46ad-8c8f-f37d1d9068aa,MPX_3705992,Avocat x4,4.49,1.12,"['Fruits & Légumes', 'Légumes Frais', 'Avocats, Concombres et Radis', 'Avocat']",AUTRE MARQUE,True,False,false,4.0,DAY,4 par pack,[],https://courses.monoprix.fr/images-v3/0c44253f-c4a3-4340-9d37-d41e42b9d14a/cf27d485-4379-4890-88d1-e0b1a3783bed/300x300.jpg
Fruits & Légumes,5c4c8a1e-7fad-4b47-b30e-eacafe8bf35b,MPX_3987641,Natoora Patate Douce - Rose - CAT:I - 1 pièce,2.49,4.15,"['Fruits & Légumes', 'Natoora le Primeur', 'Légumes, Salades et Herbes']",Natoora,True,False,false,6.0,DAY,600g,[],https://courses.monoprix.fr/images-v3/0c44253f-c4a3-4340-9d37-d41e42b9d14a/45e684eb-3225-4d0a-9663-3c652355b337/300x300.jpg
Fruits & Légumes,24d23cc4-2328-4940-ad00-4b32b668653b,MPX_2222100,Monoprix Bio Tomates Cerises Allongées 200g,3.49,17.45,"['Fruits & Légumes', 'Légumes Frais', 'Tomates']",Monoprix Bio,True,False,false,4.0,DAY,200g,['Produit bio'],https://courses.monoprix.fr/images-v3/0c44253f-c4a3-4340-9d37-d41e42b9d14a/ca47c094-f452-4895-af07-fd4802ee8efb/300x300.jpg
Fruits & Légumes,51a311bd-e389-44ab-9ffb-8f64ee1821fa,MPX_1817570,Andros Jus De Pomme 1 L,3.35,3.35,"['Fruits & Légumes', 'Jus Frais & Smoothies', 'Jus de Pomme']",Andros,True,False,false,2.0,WEEK,1L,[],https://courses.monoprix.fr/images-v3/0c44253f-c4a3-4340-9d37-d41e42b9d14a/3b1aa5e5-6cee-4b91-b712-8b08db663f71/300x300.jpg
Fruits & Légumes,c167e002-48aa-4f4a-8908-9577717ab8a0,MPX_1948059,Andros Jus De Citrons Pressés 1 L,3.59,3.59,"['Fruits & Légumes', 'Jus Frais & Smoothies', 'Jus de Citron']",Andros,True,False,false,2.0,WEEK,1L,[],https://courses.monoprix.fr/images-v3/0c44253f-c4a3-4340-9d37-d41e42b9d14a/14e55de5-35d9-4875-b0f7-0b9de05ef373/300x300.jpg
Fruits & Légumes,6d0b168d-0f1e-4bf7-8afe-83a93e67b56a,MPX_2586844,Choudou Chou Plat Blanc,3.99,3.99,"['Fruits & Légumes', 'Légumes Frais', 'Choux et Poireaux', 'Chou']",-,True,False,false,2.0,DAY,,[],https://courses.monoprix.fr/images-v3/0c44253f-c4a3-4340-9d37-d41e42b9d14a/76e8cc3f-04d1-41a7-9bf2-3fe1ed8cfcab/300x300.jpg
Fruits & Légumes,57830c1d-ad97-4841-858c-84ca6f91ae64,MPX_152420,Monoprix Jus d'orange sanguine 100% pur jus 1L,3.19,3.19,"['Fruits & Légumes', 'Jus Frais & Smoothies', ""Jus d'Orange""]",Monoprix,True,False,false,2.0,WEEK,1L,[],https://courses.monoprix.fr/images-v3/0c44253f-c4a3-4340-9d37-d41e42b9d14a/994f9d3b-b36f-4e1d-b25b-af6abb9af307/300x300.jpg
Fruits & Légumes,2b2a8d5a-0a52-4123-8fe7-154fe5a0d757,MPX_3441648,Tropicana Pur Jus Frais d'Ananas Citron Vert la Bouteille de 90cl,3.65,4.06,"['Fruits & Légumes', 'Jus Frais & Smoothies', 'Jus Multifruits']",Tropicana,True,False,false,1.0,WEEK,90cl,[],https://courses.monoprix.fr/images-v3/0c44253f-c4a3-4340-9d37-d41e42b9d14a/7d026d7b-52ce-4cd4-8a0f-80355e9db8de/300x300.jpg
Fruits & Légumes,e826c0f6-9e8c-43ab-8485-b24e2d98538e,MPX_2008275,Innocent smoothie mangue et passion la bouteille de 75cl,4.19,5.59,"['Fruits & Légumes', 'Jus Frais & Smoothies', 'Smoothies']",Innocent,True,False,false,1.0,WEEK,750ml,[],https://courses.monoprix.fr/images-v3/0c44253f-c4a3-4340-9d37-d41e42b9d14a/39e659d4-4a3b-483c-9d09-9d21383d6bef/300x300.jpg
Fruits & Légumes,a0078352-cd77-4d48-84e3-5700a556bd01,MPX_4003870,Pomme Pink Lady Bio x4 Catégorie 1,4.49,1.12,"['Fruits & Légumes', 'Fruits Frais', 'Fruits Bio']",Monoprix,True,False,false,3.0,DAY,4 par pack,['Produit bio'],https://courses.monoprix.fr/images-v3/0c44253f-c4a3-4340-9d37-d41e42b9d14a/a8e5a1fb-9ae1-408e-b3a2-0f151bd8f644/300x300.jpg
Fruits & Légumes,0bb2c8bc-2ead-4ae3-99ba-6f28f5379654,MPX_2135105,Orange à Jus Catégorie 1 - 2kg,5.99,3.0,"['Nos sélections', 'Nouveau sur le site', 'Fruit et Légume']",Monoprix,True,False,false,2.0,DAY,2kg,[],https://courses.monoprix.fr/images-v3/0c44253f-c4a3-4340-9d37-d41e42b9d14a/dce1b6fe-8a3e-4617-953c-dff3bf0f8022/300x300.jpg
Fruits & Légumes,8b57e449-d595-41b1-a83c-0e4eedf42b78,MPX_5867605,Champignon De Paris Mixte 200g,2.49,12.45,"['Fruits & Légumes', 'Légumes Frais', 'Champignons']",Naturalia,True,False,false,1.0,DAY,200g,['Produit bio'],https://courses.monoprix.fr/images-v3/0c44253f-c4a3-4340-9d37-d41e42b9d14a/c978e6f0-fece-4301-a1f3-46131edab90d/300x300.jpg
Fruits & Légumes,4e67f0b9-1dce-453f-9792-c58e0dbebeee,MPX_3778189,C'Zon pois gourmand 180g,2.99,16.61,"['Fruits & Légumes', 'Légumes Frais', 'Petits Légumes Verts']",C'zon,True,False,false,2.0,DAY,180g,[],https://courses.monoprix.fr/images-v3/0c44253f-c4a3-4340-9d37-d41e42b9d14a/8975260d-eefa-4d9d-aae7-50b7ce624717/300x300.jpg
Fruits & Légumes,3f8837c5-2e08-40d5-bd76-1de2dcc9fe7c,MPX_3330710,Edamame 210g cuit à la vapeur Fraîchement Cuit,3.29,15.67,"['Fruits & Légumes', 'Légumes Frais', 'Petits Légumes Verts']",Fraîchement Cuit ,True,False,false,3.0,WEEK,210g,"['Produit végétarien', 'Produit vegan']",https://courses.monoprix.fr/images-v3/0c44253f-c4a3-4340-9d37-d41e42b9d14a/bb639874-35f0-49e8-b313-e5aedeb23043/300x300.jpg
Fruits & Légumes,fe6ceeeb-7f11-4890-a406-db48e819dbbc,MPX_1776065,Daco Bello Amandes Décortiquées 125 g,3.99,31.92,"['Epicerie Salée', 'Produit apéritif', 'Cacahuète, Noix, Amande et Pistache', 'Amande et Pistache']",Daco Bello,True,False,false,2.0,MONTH,125g,[],https://courses.monoprix.fr/images-v3/0c44253f-c4a3-4340-9d37-d41e42b9d14a/c5b87e7d-f200-4144-bfd4-5adb962326af/300x300.jpg
Fruits & Légumes,cf915174-d8d8-4ed3-b725-1e5a17cbe9c1,MPX_2936670,"Bio Pomme de terre bio four purée et potage 1,5kg",4.79,3.19,"['Fruits & Légumes', 'Fruits & Légumes Bio', 'Légumes Frais Bio']",BIO,True,False,false,6.0,DAY,1.5kg,['Produit bio'],https://courses.monoprix.fr/images-v3/0c44253f-c4a3-4340-9d37-d41e42b9d14a/499957eb-3d9b-406e-a844-d4c1c0643430/300x300.jpg
Fruits & Légumes,10694c57-ed34-4e87-b5bc-7d935a807850,MPX_3960043,Natoora Persil Frisé - 80gr,1.55,1.55,"['Fruits & Légumes', 'Natoora le Primeur', 'Légumes, Salades et Herbes']",Natoora,True,False,false,3.0,DAY,,[],https://courses.monoprix.fr/images-v3/0c44253f-c4a3-4340-9d37-d41e42b9d14a/8d4eecd4-31bb-40f0-99c9-77845029042b/300x300.jpg
Fruits & Légumes,313742eb-448f-4306-ac36-da30e5bc904b,MPX_3171642,Florette choux fleur à croquer 180g,2.79,15.5,"['Fruits & Légumes', 'Prêts à consommer', 'Crudités']",Florette,True,False,false,2.0,DAY,180g,[],https://courses.monoprix.fr/images-v3/0c44253f-c4a3-4340-9d37-d41e42b9d14a/29cd4a32-1e91-45df-ab12-c2e22595525c/300x300.jpg
Fruits & Légumes,048ab581-d850-4fe5-a163-b154269cb833,MPX_80037,Florette menthe fraîche déjà lavée 11g,1.99,180.91,"['Fruits & Légumes', 'Légumes Frais', 'Herbes Aromatiques et Epices']",Florette,True,False,false,1.0,DAY,11g,[],https://courses.monoprix.fr/images-v3/0c44253f-c4a3-4340-9d37-d41e42b9d14a/1665637e-16f3-4c6c-9dcf-ec6e68ee8c2c/300x300.jpg
Fruits & Légumes,35c08c0c-ffbb-45ac-9b72-0fc637d27163,MPX_2625622,Innocent jus orange & carotte la bouteille de 900ml,3.85,4.28,"['Fruits & Légumes', 'Jus Frais & Smoothies', ""Jus d'Orange""]",Innocent,True,False,false,1.0,WEEK,90cl,[],https://courses.monoprix.fr/images-v3/0c44253f-c4a3-4340-9d37-d41e42b9d14a/044bcf35-627c-4366-97fe-51c1020ecf63/300x300.jpg
Fruits & Légumes,0f9d97f4-e4e9-4693-aed6-3c5a5ef32156,MPX_1117291,Seeberger Cranberries 125G,2.95,23.6,"['Fruits & Légumes', 'Fruits Secs & Graines', 'Pruneaux, Raisins et Autres Fruits Secs']",Seeberger,True,False,false,2.0,MONTH,125g,[],https://courses.monoprix.fr/images-v3/0c44253f-c4a3-4340-9d37-d41e42b9d14a/4c834c26-30b8-4624-9889-440905acd8d0/300x300.jpg
Fruits & Légumes,d9b9ed72-2555-4f6c-b7b2-f07827f7d685,MPX_2536635,Bonduelle roquette 145g,2.39,16.48,"['Fruits & Légumes', 'Prêts à consommer', 'Salades']",Bonduelle,True,False,false,3.0,DAY,145g,"['Produit végétarien', 'Produit vegan']",https://courses.monoprix.fr/images-v3/0c44253f-c4a3-4340-9d37-d41e42b9d14a/b1737643-0760-4c13-8649-ed5d8add25a2/300x300.jpg
Fruits & Légumes,d0125869-b7ba-495a-85c9-edcac4d344db,MPX_874206,Salade Iceberg,1.79,1.79,"['Fruits & Légumes', 'Prêts à consommer', 'Salades']",Monoprix,True,False,false,1.0,DAY,,[],https://courses.monoprix.fr/images-v3/0c44253f-c4a3-4340-9d37-d41e42b9d14a/a166b824-9cb5-41d7-b67a-d094a2c9f1bd/300x300.jpg
Fruits & Légumes,50ee0c8b-8ecb-4d25-8f5a-8e827b84ecf2,MPX_4094910,Natoora Tomate Datterino Rouge - Sicilien - 250g,4.25,17.0,"['Fruits & Légumes', 'Natoora le Primeur', 'Légumes, Salades et Herbes']",Natoora,True,False,false,5.0,DAY,250g,[],https://courses.monoprix.fr/images-v3/0c44253f-c4a3-4340-9d37-d41e42b9d14a/0ff25c88-e07d-4a37-acfb-a1c38e6e134e/300x300.jpg
Fruits & Légumes,14bace25-e466-48bb-a9b1-38254836c861,MPX_6614364,Florette carotte chou blanc & betterave 180g,1.99,11.06,"['Fruits & Légumes', 'Prêts à consommer', 'Crudités']",Florette,True,False,false,2.0,DAY,180g,[],https://courses.monoprix.fr/images-v3/0c44253f-c4a3-4340-9d37-d41e42b9d14a/7d09c04f-6b9e-43c2-ac66-859dbcde9373/300x300.jpg
Fruits & Légumes,9fc09174-7108-4c15-a4e4-82158107b05e,MPX_1932968,"Monoprix Bio 100 % pur jus d'orange, avec pulpe, bio 1",3.59,3.59,"['Bio', 'Boisson et Cave bio', 'Jus bio']",Monoprix Bio,True,False,false,3.0,WEEK,1L,[],https://courses.monoprix.fr/images-v3/0c44253f-c4a3-4340-9d37-d41e42b9d14a/8dff4b14-0436-47ab-aa17-b19d94dab1bd/300x300.jpg
Fruits & Légumes,5d39650e-0a0d-4845-b501-6ab8515de9a9,MPX_3526777,C'Zon bimi frais 180g,3.95,21.94,"['Fruits & Légumes', 'Légumes Frais', 'Petits Légumes Verts']",C'zon,True,False,false,2.0,DAY,180g,[],https://courses.monoprix.fr/images-v3/0c44253f-c4a3-4340-9d37-d41e42b9d14a/cbb29060-23e1-44e5-a60a-9db4eedd3564/300x300.jpg
Fruits & Légumes,f2179c2c-f6ea-4a37-ae23-f8a431b4e76f,MPX_2726516,Monoprix Bio jeunes pousses bio 100g,1.99,19.9,"['Bio', 'Fruit et Légume bio', 'Légume frais bio']",Monoprix Bio,True,False,false,1.0,DAY,100g,['Produit bio'],https://courses.monoprix.fr/images-v3/0c44253f-c4a3-4340-9d37-d41e42b9d14a/5f4b80a8-406e-4fc1-8ea1-544b93488bc8/300x300.jpg
Fruits & Légumes,d34ff4f6-72e4-46a7-929f-0047c873a2c5,MPX_1624302,Monoprix jeune pousse roquette 125g,1.3,10.4,"['Nos recettes', 'Recettes du Monde', '& Carpaccio Bresaola']",Monoprix,True,False,false,1.0,DAY,125g,[],https://courses.monoprix.fr/images-v3/0c44253f-c4a3-4340-9d37-d41e42b9d14a/c62ad094-7e33-4718-b847-eb977e484f43/300x300.jpg
Fruits & Légumes,2a1e43a9-0c4e-46a1-aecb-a90ba7ec0d86,MPX_4124216,Natoora Menthe Fraiche - 40gr,1.4,35.0,"['Fruits & Légumes', 'Natoora le Primeur', 'Légumes, Salades et Herbes']",Natoora,True,False,false,1.0,DAY,40g,[],https://courses.monoprix.fr/images-v3/0c44253f-c4a3-4340-9d37-d41e42b9d14a/8da12f39-211e-4247-bbb8-3b4e2e5fb12f/300x300.jpg
Fruits & Légumes,71893c30-de8b-4eb3-aaab-3fcbbeedb6ad,MPX_4124215,Natoora Mélange de Citrons - 500g,3.15,6.3,"['Fruits & Légumes', 'Fruits Frais', 'Agrumes', 'Citron']",Natoora,True,False,false,4.0,DAY,500g,[],https://courses.monoprix.fr/images-v3/0c44253f-c4a3-4340-9d37-d41e42b9d14a/126bcc36-3136-4a78-9930-62aaf81066f8/300x300.jpg
Fruits & Légumes,7549a0b6-33c2-465d-8907-bb243d7bdd9b,MPX_2077596,Alvalle - Gazpacho - l'original - La brique de 50cl,2.99,5.98,"['Fruits & Légumes', 'Soupes & Purées', 'Soupes Froides']",Alvalle,True,False,false,3.0,WEEK,500ml,['Produit vegan'],https://courses.monoprix.fr/images-v3/0c44253f-c4a3-4340-9d37-d41e42b9d14a/b83ca991-9ccc-4b24-8e62-9ad98af7efdf/300x300.jpg
Fruits & Légumes,7224d13b-3582-4103-9d9c-155887839314,MPX_3960052,Natoora Pomelos Rose - 1 pièce - Calibre 40,1.59,1.59,"['Fruits & Légumes', 'Natoora le Primeur', 'Fruits']",Natoora,True,False,false,4.0,DAY,,[],https://courses.monoprix.fr/images-v3/0c44253f-c4a3-4340-9d37-d41e42b9d14a/fb474d81-7227-450a-b9fe-ce84bd675fb5/300x300.jpg
Fruits & Légumes,f4aa2f7e-3fcf-4cf2-b5e2-4a2ac7d0ff45,MPX_1817387,Monoprix Dattes Deglet Nour Sèches 250g,2.79,11.16,"['Fruits & Légumes', 'Fruits Secs & Graines', 'Pruneaux, Raisins et Autres Fruits Secs']",Monoprix,True,False,false,2.0,MONTH,250g,[],https://courses.monoprix.fr/images-v3/0c44253f-c4a3-4340-9d37-d41e42b9d14a/8de869c1-4eda-4805-9c53-b560da113862/300x300.jpg
Fruits & Légumes,894b0dfd-75d0-49f2-acd1-697287a48c8e,MPX_3550243,Seeberger Mélange De Noix Et Raisins 150G,3.95,26.33,"['Epicerie Sucrée', 'Céréale et Barre', 'Fruits Secs et Graines', 'Amandes, Noix et Autres Fruits à Coques']",Seeberger,True,False,false,2.0,MONTH,150g,[],https://courses.monoprix.fr/images-v3/0c44253f-c4a3-4340-9d37-d41e42b9d14a/59f592cd-8d6d-41ca-a702-505752755eeb/300x300.jpg
Fruits & Légumes,e03809e1-d283-49b4-8c08-5282047a4ef3,MPX_4043233,Natoora Poivron - Rouge - XL - 1 pièce,4.85,4.85,"['Fruits & Légumes', 'Natoora le Primeur', 'Légumes, Salades et Herbes']",Natoora,True,False,false,5.0,DAY,,[],https://courses.monoprix.fr/images-v3/0c44253f-c4a3-4340-9d37-d41e42b9d14a/6ba9eb0b-5487-4710-9694-727b33f207b9/300x300.jpg
Fruits & Légumes,69e80d92-3909-4371-b5bc-b83cbd510d24,MPX_3575775,Monoprix Pur Jus De Pomme Pressé 1L,2.19,2.19,"['Fruits & Légumes', 'Jus Frais & Smoothies', 'Jus de Pomme']",Monoprix,True,False,false,1.0,WEEK,1L,[],https://courses.monoprix.fr/images-v3/0c44253f-c4a3-4340-9d37-d41e42b9d14a/c1943503-f741-4e95-9d6c-aaeda794dfa9/300x300.jpg
Fruits & Légumes,bd6a1203-c574-4a78-8c7e-12c4508e804a,MPX_6574790,Epinard Feuille Cat: I 200g,1.19,5.95,"['Fruits & Légumes', 'Natoora le Primeur', 'Légumes, Salades et Herbes']",Natoora,True,False,false,1.0,DAY,200g,[],https://courses.monoprix.fr/images-v3/0c44253f-c4a3-4340-9d37-d41e42b9d14a/0016ef0c-0fd4-4936-9790-bab7d86afc23/300x300.jpg
Fruits & Légumes,804eed42-d645-4101-b66b-fe47b96feb96,MPX_2564706,Maître Prunille Pruneaux d'Agen dénoyautés Forme 500g,6.99,13.98,"['Fruits & Légumes', 'Fruits Secs & Graines', 'Pruneaux, Raisins et Autres Fruits Secs']",Maître Prunille,True,False,false,2.0,MONTH,500g,[],https://courses.monoprix.fr/images-v3/0c44253f-c4a3-4340-9d37-d41e42b9d14a/3adf2393-46c6-4b3f-89fd-221cdfa2bea8/300x300.jpg
Fruits & Légumes,0a238518-8071-4414-adb7-d934517aeb6c,MPX_2060821,"Monoprix Jus d'orange avec pulpe 100% pur jus 1,75L",3.65,2.09,"['Fruits & Légumes', 'Jus Frais & Smoothies', ""Jus d'Orange""]",Monoprix,True,False,false,3.0,WEEK,1.75L,[],https://courses.monoprix.fr/images-v3/0c44253f-c4a3-4340-9d37-d41e42b9d14a/f2f337fe-a4cc-4230-8f9d-c3d4a9b887c8/300x300.jpg
Fruits & Légumes,e934ed93-37dd-43c9-b1ce-a36886d9b453,MPX_1906059,Greenshoot Soupe De Petit Pois À La Ricotta Et Au Basilic 1 L,5.29,5.29,"['Fruits & Légumes', 'Soupes & Purées', 'Soupes à réchauffer']",Greenshoot,True,False,false,1.0,WEEK,1L,[],https://courses.monoprix.fr/images-v3/0c44253f-c4a3-4340-9d37-d41e42b9d14a/95ce7ebe-cd58-401d-b5e6-a76e9b8fa2e2/300x300.jpg
Fruits & Légumes,3449d3cb-cb44-46c5-b4c3-6e86136949db,MPX_2261482,Greenshoot Soupe De Potiron Au Lait De Coco Et À La Citronnelle 1 L,5.29,5.29,"['Fruits & Légumes', 'Soupes & Purées', 'Soupes à réchauffer']",Greenshoot,True,False,false,1.0,WEEK,1L,[],https://courses.monoprix.fr/images-v3/0c44253f-c4a3-4340-9d37-d41e42b9d14a/b0e684dc-ed87-4b7d-8472-4efbc0f13478/300x300.jpg
Fruits & Légumes,471cdd5b-40c9-4e53-bedc-4cf631e3eb76,MPX_3034110,Champignon Gros Blanc 120g,3.2,26.67,"['Fruits & Légumes', 'Légumes Frais', 'Champignons']",Monoprix,True,False,false,1.0,DAY,120g,[],https://courses.monoprix.fr/images-v3/0c44253f-c4a3-4340-9d37-d41e42b9d14a/61f037d2-ee44-417b-acb7-793ccbc7b3c6/300x300.jpg
Fruits & Légumes,8746188b-ed45-48fc-8a05-5119f888ee37,MPX_1935423,Daco Bello Pignons De Pin,6.99,69.9,"['Epicerie Salée', 'Produit apéritif', 'Cacahuète, Noix, Amande et Pistache', 'Amande et Pistache']",Daco Bello,True,False,false,2.0,MONTH,100g,[],https://courses.monoprix.fr/images-v3/0c44253f-c4a3-4340-9d37-d41e42b9d14a/2b39dda1-e7d7-43c5-bf60-ebdd06f17cb0/300x300.jpg
Fruits & Légumes,96d2deb8-3c61-4048-b6e4-be5e9c40f33a,MPX_3510824,Innocent Jus Fa bu bleu 750ml,3.85,5.13,"['Fruits & Légumes', 'Jus Frais & Smoothies', 'Autres Jus de Fruits']",Innocent,True,False,false,2.0,WEEK,75cl,[],https://courses.monoprix.fr/images-v3/0c44253f-c4a3-4340-9d37-d41e42b9d14a/39040edc-6497-4636-8e4d-12241bb01ecf/300x300.jpg
Fruits & Légumes,afa6e7b8-59ff-4925-abed-bb581c81bf85,MPX_1834129,Monoprix Bio Dattes Sachet de 250g,2.99,11.96,"['Produits du monde', 'Oriental', 'Dattes, Graines et Fruits secs']",Monoprix Bio,True,False,false,1.0,MONTH,250g,['Produit bio'],https://courses.monoprix.fr/images-v3/0c44253f-c4a3-4340-9d37-d41e42b9d14a/2fb2411d-4727-48da-9805-22fbadec2896/300x300.jpg
Fruits & Légumes,abec98bc-8886-4e32-96a8-d9cffb9a9c45,MPX_2187052,"Innocent Jus de pomme, 100% pur jus 900ml",3.49,3.88,"['Fruits & Légumes', 'Jus Frais & Smoothies', 'Jus de Pomme']",Innocent,True,False,false,1.0,WEEK,90cl,[],https://courses.monoprix.fr/images-v3/0c44253f-c4a3-4340-9d37-d41e42b9d14a/3a35abbd-cb36-48e1-9bb9-51ed8f366509/300x300.jpg
Fruits & Légumes,ce777380-974f-4a81-8f89-68485ee29b76,MPX_2219572,Daco Bello Formule Boost Source De Protéines 200G,3.99,19.95,"['Fruits & Légumes', 'Fruits Secs & Graines', 'Mélanges Fruits Secs et Graines']",Daco Bello,True,False,false,2.0,MONTH,200g,[],https://courses.monoprix.fr/images-v3/0c44253f-c4a3-4340-9d37-d41e42b9d14a/515a1179-9bfb-4332-a1b4-7858bff329e6/300x300.jpg
Fruits & Légumes,0b575d7f-e2e0-4165-a09d-4179f7a05b3a,MPX_1817386,Monoprix Mélange De Raisins Secs 250g,2.89,11.56,"['Fruits & Légumes', 'Fruits Secs & Graines', 'Mélanges Fruits Secs et Graines']",Monoprix,True,False,false,1.0,MONTH,250g,[],https://courses.monoprix.fr/images-v3/0c44253f-c4a3-4340-9d37-d41e42b9d14a/42cea60f-6e47-4ff6-b207-8253fb984980/300x300.jpg
Fruits & Légumes,9be5ba9e-7d56-449d-b45c-d0d88cd515c4,MPX_2469564,Innocent Jus D'Orange Avec Pulpe La Bouteille De 1.5L,4.29,2.86,"['Fruits & Légumes', 'Jus Frais & Smoothies', ""Jus d'Orange""]",Innocent,True,False,false,1.0,WEEK,1.5L,[],https://courses.monoprix.fr/images-v3/0c44253f-c4a3-4340-9d37-d41e42b9d14a/8c918b0e-8cb0-46c8-bdbe-35fdcdc8cce9/300x300.jpg
Fruits & Légumes,9883cf0a-cbd3-490c-91af-9acab0e7b6f8,MPX_3406463,Greenshoot Velouté Aux 5 Légumes Bio 1 L,4.99,4.99,"['Bio', 'Epicerie salée bio', 'Soupe bio']",Greenshoot,True,False,false,1.0,WEEK,1L,"['Produit halal', 'Produit vegan', 'Produit bio', 'Produit casher']",https://courses.monoprix.fr/images-v3/0c44253f-c4a3-4340-9d37-d41e42b9d14a/b2b9bdbc-eeda-4c52-b9f5-a2357ac41c28/300x300.jpg
Fruits & Légumes,8b15cc36-7bd9-4d6a-b4bd-2f132e457d91,MPX_6676799,Pomme de Terre Grenaille bio 750g,3.49,4.65,"['Fruits & Légumes', 'Fruits & Légumes Bio', 'Légumes Frais Bio']",Monoprix,True,False,false,3.0,DAY,750g,['Produit bio'],https://courses.monoprix.fr/images-v3/0c44253f-c4a3-4340-9d37-d41e42b9d14a/65d81aa4-c9f9-40ed-a01f-a3bd86dc79ab/300x300.jpg
Fruits & Légumes,8e345898-3339-4055-b3b6-4ab35d624ce1,MPX_4757166,Bonduelle Mâche 200g,2.79,13.95,"['Fruits & Légumes', 'Prêts à consommer', 'Salades']",Bonduelle,True,False,false,6.0,DAY,200g,"['Produit végétarien', 'Produit vegan']",https://courses.monoprix.fr/images-v3/0c44253f-c4a3-4340-9d37-d41e42b9d14a/f14607a7-efd6-4a23-a820-51476c859afa/300x300.jpg
Fruits & Légumes,298a6bbd-dc50-4e1e-a355-dda4f2cb1bff,MPX_2309105,Aneth barquette 20g,1.69,1.69,"['Fruits & Légumes', 'Légumes Frais', 'Herbes Aromatiques et Epices']",Monoprix,True,False,false,1.0,DAY,,[],https://courses.monoprix.fr/images-v3/0c44253f-c4a3-4340-9d37-d41e42b9d14a/8ce733a0-6bcc-42c2-841e-f3e5d5a18db0/300x300.jpg
Fruits & Légumes,6f1545f8-2ddf-435f-8ada-c57aae37b20c,MPX_80003,Lunor Barquette Pomme de terre ronde 500g,2.19,4.38,"['Fruits & Légumes', 'Légumes Frais', 'Pommes de terre et Carottes', 'Pommes de terre']",LUNOR LEGUMES VAPEUR,True,False,false,2.0,MONTH,500g,[],https://courses.monoprix.fr/images-v3/0c44253f-c4a3-4340-9d37-d41e42b9d14a/7288ff51-499e-42a1-a57f-9255d595bdf4/300x300.jpg
Fruits & Légumes,1251923b-2b16-477a-bcdd-fbda965ec1fc,MPX_1247405,Daco Bello cerneaux de noix 125g,4.69,37.52,"['Epicerie Sucrée', 'Céréale et Barre', 'Fruits Secs et Graines', 'Amandes, Noix et Autres Fruits à Coques']",Daco Bello,True,False,false,2.0,MONTH,125g,[],https://courses.monoprix.fr/images-v3/0c44253f-c4a3-4340-9d37-d41e42b9d14a/ec0b5bdc-3395-4213-a331-8030473b2068/300x300.jpg
Fruits & Légumes,ad912694-f4d7-4d23-831a-f74794007f88,MPX_4262287,Butternut - 1 pièce CAT:1,4.99,4.99,"['Fruits & Légumes', 'Légumes Frais', 'Légumes de saison']",Natoora,True,False,false,4.0,DAY,,[],https://courses.monoprix.fr/images-v3/0c44253f-c4a3-4340-9d37-d41e42b9d14a/bf79720c-13f6-4e1c-883b-fbd709713b6e/300x300.jpg
Fruits & Légumes,25ccb796-b402-45b1-81a3-e301a561cb48,MPX_152418,Monoprix Jus de pamplemousse rose 100% pur jus 1L,3.19,3.19,"['Fruits & Légumes', 'Jus Frais & Smoothies', 'Autres Jus de Fruits']",Monoprix,True,False,false,2.0,WEEK,1L,[],https://courses.monoprix.fr/images-v3/0c44253f-c4a3-4340-9d37-d41e42b9d14a/080c463f-e9b3-4b7a-aa33-9f409dd13f42/300x300.jpg
Fruits & Légumes,31b83845-71a5-4fd8-8429-68b5befc200f,MPX_2172420,Seeberger mangues séchées 100g,4.99,49.9,"['Fruits & Légumes', 'Fruits Secs & Graines', 'Pruneaux, Raisins et Autres Fruits Secs']",Seeberger,True,False,false,2.0,MONTH,100g,[],https://courses.monoprix.fr/images-v3/0c44253f-c4a3-4340-9d37-d41e42b9d14a/8868e68f-52bb-40bd-83d7-81ca92196245/300x300.jpg
Fruits & Légumes,53257a1e-5ed1-487d-ae2c-60bed7ca5260,MPX_2291053,Noix Bio 500g,4.99,9.98,"['Fruits & Légumes', 'Fruits Secs & Graines', 'Amandes, Noix et Autres Fruits à Coque']",Monoprix,True,False,false,2.0,MONTH,500g,['Produit bio'],https://courses.monoprix.fr/images-v3/0c44253f-c4a3-4340-9d37-d41e42b9d14a/78b997ff-444e-4e2e-9ccc-1942d09ccf8d/300x300.jpg
Fruits & Légumes,dc6a4de4-17cf-4b9a-94ee-29bc099e6827,MPX_5033118,Florette Roquette Bio 80g,1.99,24.88,"['Bio', 'Fruit et Légume bio', 'Légume frais bio']",Florette,True,False,false,3.0,DAY,80g,['Produit bio'],https://courses.monoprix.fr/images-v3/0c44253f-c4a3-4340-9d37-d41e42b9d14a/3259717c-78e7-442b-b151-d31484ac808a/300x300.jpg
Fruits & Légumes,457e8c68-18e3-4fcf-8f9d-5a492f1bc007,MPX_3887024,"Andros Jus De Pommes Pressées 1,5L",4.45,2.97,"['Fruits & Légumes', 'Jus Frais & Smoothies', 'Jus de Pomme']",ANDROS,True,False,false,2.0,WEEK,1.5L,[],https://courses.monoprix.fr/images-v3/0c44253f-c4a3-4340-9d37-d41e42b9d14a/a0d590c2-1c1d-4187-b4bf-e8b5d04578f7/300x300.jpg
Fruits & Légumes,c4405e36-5b4e-4930-9998-4142a2759fb1,MPX_2480933,Radis Noir 500g,2.99,2.99,"['Nos sélections', 'Inspiration du moment', 'Nos coups de coeur Origine France']",Monoprix,True,False,false,1.0,DAY,,[],https://courses.monoprix.fr/images-v3/0c44253f-c4a3-4340-9d37-d41e42b9d14a/1c453199-eecd-45c2-a3d3-8bc659dc461e/300x300.jpg
Fruits & Légumes,860119d9-0ff4-4e54-be14-b9d92b85fd3d,MPX_2413506,Monoprix Jus d'orange sans pulpe 100% pur jus 1L,2.49,2.49,"['Fruits & Légumes', 'Jus Frais & Smoothies', ""Jus d'Orange""]",Monoprix,True,False,false,3.0,WEEK,1L,[],https://courses.monoprix.fr/images-v3/0c44253f-c4a3-4340-9d37-d41e42b9d14a/f7d29877-67df-48be-9f94-c2b93bb6ec73/300x300.jpg
Fruits & Légumes,2d8144de-a2b4-451c-a8d2-d882532e636d,MPX_2625179,Daco Bello Duo Amandes grillées sans sel ajouté 175g,4.69,26.8,"['Epicerie Salée', 'Produit apéritif', 'Cacahuète, Noix, Amande et Pistache', 'Amande et Pistache']",Daco Bello,True,False,false,2.0,MONTH,175g,[],https://courses.monoprix.fr/images-v3/0c44253f-c4a3-4340-9d37-d41e42b9d14a/85e95fe4-9f2a-497c-ba04-385f801f3b82/300x300.jpg
Fruits & Légumes,2164dbe3-29bd-4d0c-8dd0-fae74667f030,MPX_4017169,Natoora Dattes Medjoul Fraîches - 180 gr,6.48,36.0,"['Produits du monde', 'Oriental', 'Dattes, Graines et Fruits secs']",Natoora,True,False,false,1.0,WEEK,180g,[],https://courses.monoprix.fr/images-v3/0c44253f-c4a3-4340-9d37-d41e42b9d14a/e7473e16-1c16-4a51-8409-ae1a8eff43c4/300x300.jpg
Fruits & Légumes,ea26788c-ed93-41da-8f9f-b04aeaea6194,MPX_4055287,Natoora Blette - Nouvelle - CAT:I - 1 pied,3.15,3.15,"['Fruits & Légumes', 'Natoora le Primeur', 'Légumes, Salades et Herbes']",Natoora,True,False,false,3.0,DAY,,[],https://courses.monoprix.fr/images-v3/0c44253f-c4a3-4340-9d37-d41e42b9d14a/ef15e985-04b0-49a2-853a-550dda6957f8/300x300.jpg
Fruits & Légumes,1d474993-ce99-4c7f-b5dc-532d24ce2070,MPX_1819586,Wofoo Pousses de Haricot Mungo 200g,0.99,4.95,"['Fruits & Légumes', 'Prêts à consommer', 'Crudités']",Wofoo,True,False,false,2.0,DAY,200g,[],https://courses.monoprix.fr/images-v3/0c44253f-c4a3-4340-9d37-d41e42b9d14a/7c5fd3a6-d66e-4d4d-940d-f8d783cb3445/300x300.jpg
Fruits & Légumes,3eab99bb-dee1-42f9-af25-ba52ea0506eb,MPX_80002,Lunor Pomme de terre en Lamelle 500g,2.19,4.38,"['Fruits & Légumes', 'Légumes Frais', 'Pommes de terre et Carottes', 'Pommes de terre']",LUNOR LEGUMES VAPEUR,True,False,false,4.0,WEEK,500g,[],https://courses.monoprix.fr/images-v3/0c44253f-c4a3-4340-9d37-d41e42b9d14a/2b6e0b14-9a68-4274-9485-2bfc1f74ecd6/300x300.jpg
Fruits & Légumes,23eb1b25-8ccd-4114-9cdc-8dd3d5206ad6,MPX_3430167,Monoprix Gourmet Mélange de graines et cranberries 120g,3.09,25.75,"['Epicerie Salée', 'Produit apéritif', 'Cacahuète, Noix, Amande et Pistache', 'Autres Fruits Secs']",Monoprix Gourmet,True,False,false,2.0,MONTH,120g,[],https://courses.monoprix.fr/images-v3/0c44253f-c4a3-4340-9d37-d41e42b9d14a/39ae0ff2-4808-42d7-847c-1e79390dd0d9/300x300.jpg
Fruits & Légumes,85d49727-1c85-4f59-bac8-34f9b7794dc7,MPX_2962675,"Monoprix salade composée frisée, iceberg, scarole, chicorée rouge 250g",1.99,7.96,"['Fruits & Légumes', 'Prêts à consommer', 'Salades']",Monoprix,True,False,false,1.0,DAY,250g,[],https://courses.monoprix.fr/images-v3/0c44253f-c4a3-4340-9d37-d41e42b9d14a/b369b6b7-4983-42b1-aefc-f2d559aa5517/300x300.jpg
Fruits & Légumes,a5745e09-5119-446e-b379-4a4e2acd9c64,MPX_3888054,Andros Jus d'Oranges Pressés Bio 75cl ,3.29,4.39,"['Bio', 'Boisson et Cave bio', 'Jus bio']",ANDROS,True,False,false,2.0,WEEK,750ml,['Produit bio'],https://courses.monoprix.fr/images-v3/0c44253f-c4a3-4340-9d37-d41e42b9d14a/2a370961-706e-413b-825a-e1db44e4c694/300x300.jpg
Fruits & Légumes,e5d3aeec-2134-474c-bc8b-5ff73241d745,MPX_2821983,"Florette trio mache, roquette et betterave 175g",2.49,14.23,"['Fruits & Légumes', 'Prêts à consommer', 'Salades']",Florette,True,False,false,2.0,DAY,175g,[],https://courses.monoprix.fr/images-v3/0c44253f-c4a3-4340-9d37-d41e42b9d14a/ea664f0c-6b26-455d-a0e4-2f1dc2a8dc95/300x300.jpg
Fruits & Légumes,865e2636-0ed3-43ed-a222-e793326fc59b,MPX_4108979,Bonduelle Laitue bio 125g,2.99,23.92,"['Bio', 'Fruit et Légume bio', 'Légume frais bio']",Bonduelle,True,False,false,2.0,DAY,125g,"['Produit vegan', 'Produit bio']",https://courses.monoprix.fr/images-v3/0c44253f-c4a3-4340-9d37-d41e42b9d14a/1b735f7c-1f4c-4d36-a527-891e39c45f59/300x300.jpg
Fruits & Légumes,9ecc92a0-5110-4450-91e2-8368d29731f3,MPX_2093595,Maître Prunille Noisettes décortiquées Bio 200g,6.49,32.45,"['Bio', 'Fruit et Légume bio', 'Fruit sec bio']",Maître Prunille,True,False,false,1.0,MONTH,200g,['Produit bio'],https://courses.monoprix.fr/images-v3/0c44253f-c4a3-4340-9d37-d41e42b9d14a/5664e51d-0b72-4f4a-9cf3-893db90e11fc/300x300.jpg
Fruits & Légumes,6e4fd5bc-a0c8-4a90-b1e6-a948b9678771,MPX_1312390,"Florette tendres saveurs, mélanges de jeunnes pousses de salades 175g",2.65,15.14,"['Fruits & Légumes', 'Prêts à consommer', 'Salades']",Florette,True,False,false,2.0,DAY,175g,[],https://courses.monoprix.fr/images-v3/0c44253f-c4a3-4340-9d37-d41e42b9d14a/fabf60f4-173c-4b95-a535-16fcfe5c815d/300x300.jpg
Fruits & Légumes,c12fd8d2-489a-4e81-ba6c-38645867a3b4,MPX_2235687,Florette persil plat 11g,1.99,180.91,"['Fruits & Légumes', 'Légumes Frais', 'Herbes Aromatiques et Epices']",Florette,True,False,false,1.0,DAY,11g,[],https://courses.monoprix.fr/images-v3/0c44253f-c4a3-4340-9d37-d41e42b9d14a/4725c2d7-f5db-4581-bf76-591cb7b8fe87/300x300.jpg
Fruits & Légumes,98f91057-ca09-4ebf-af53-2a60d67c6739,MPX_4220656,"Yumi Shot Garde Du Corps Bio Ananas, Gingembre Et Curcuma 60ml",2.59,43.17,"['Fruits & Légumes', 'Jus Frais & Smoothies', 'Jus Bio']",Yumi,True,False,false,3.0,WEEK,60ml,[],https://courses.monoprix.fr/images-v3/0c44253f-c4a3-4340-9d37-d41e42b9d14a/3d74e21c-5f80-445b-978d-816e2bda9514/300x300.jpg
Fruits & Légumes,0d35a722-ba6d-4702-8a51-ff3034724106,MPX_3537904,Petit épeautre BIO 250g Fraîchement Cuit,3.19,12.76,"['Fruits & Légumes', 'Légumes Frais', 'Légumes Bio']",Fraîchement Cuit ,True,False,false,1.0,WEEK,250g,"['Produit vegan', 'Produit bio']",https://courses.monoprix.fr/images-v3/0c44253f-c4a3-4340-9d37-d41e42b9d14a/6b336783-9bc1-40fb-85c2-c43cb15d915b/300x300.jpg
Fruits & Légumes,b5a7bfbd-96d7-453d-b8d6-b3028526879a,MPX_3754135,Innocent Jus orange sanguine grenade citron vert 900ml,3.89,4.32,"['Fruits & Légumes', 'Jus Frais & Smoothies', 'Jus de Cranberry et de Grenade']",Innocent,True,False,false,1.0,WEEK,900ml,[],https://courses.monoprix.fr/images-v3/0c44253f-c4a3-4340-9d37-d41e42b9d14a/0da05a91-eebf-4e79-8499-6e9e73bf9ece/300x300.jpg
Fruits & Légumes,0b6461b3-5e60-4529-b045-1cf3e38a33ab,MPX_960617,Monoprix Cocktail sucré salé aux fruits secs 120g,1.99,16.58,"['Epicerie Salée', 'Produit apéritif', 'Cacahuète, Noix, Amande et Pistache', 'Autres Fruits Secs']",Monoprix,True,False,false,1.0,MONTH,120g,[],https://courses.monoprix.fr/images-v3/0c44253f-c4a3-4340-9d37-d41e42b9d14a/33ee2ee1-520b-4fb0-b30e-3eafabdc6580/300x300.jpg
Fruits & Légumes,e18d87e5-5410-4f2e-95f7-d2d663a9d2d5,MPX_2120814,Daco Bello Noix de Pecan 125g,4.99,39.92,"['Epicerie Salée', 'Produit apéritif', 'Cacahuète, Noix, Amande et Pistache', 'Amande et Pistache']",Daco Bello,True,False,false,2.0,MONTH,125g,[],https://courses.monoprix.fr/images-v3/0c44253f-c4a3-4340-9d37-d41e42b9d14a/301d6351-82dc-4694-b524-8afd1ff1842c/300x300.jpg
Fruits & Légumes,9c3a3650-a966-4188-a73a-883d902b761b,MPX_898683,Bonduelle feuille de chêne rouge 125g,2.29,18.32,"['Fruits & Légumes', 'Prêts à consommer', 'Salades']",Bonduelle,True,False,false,2.0,DAY,125g,['Produit vegan'],https://courses.monoprix.fr/images-v3/0c44253f-c4a3-4340-9d37-d41e42b9d14a/91a1318e-bbbb-4f62-bdb5-d7daeb84aa0c/300x300.jpg
Fruits & Légumes,4fe836b0-cd2d-4fa4-9cdd-20618163148f,MPX_3550248,"Seeberger Amandes Grillées, Non Salées 150G",4.89,32.6,"['Fruits & Légumes', 'Fruits Secs & Graines', 'Amandes, Noix et Autres Fruits à Coque']",Seeberger,True,False,false,2.0,MONTH,150g,[],https://courses.monoprix.fr/images-v3/0c44253f-c4a3-4340-9d37-d41e42b9d14a/9c2c3ad8-2f10-4d91-a644-8fb8479c9fe3/300x300.jpg
Fruits & Légumes,7ee7c7e5-0670-4067-a5d9-17a9e1cb25fb,MPX_2246274,Monoprix purée de pois cassés au laurier 180g,2.59,14.39,"['Fruits & Légumes', 'Soupes & Purées', 'Purées Fraîches']",Monoprix,True,False,false,6.0,DAY,180g,[],https://courses.monoprix.fr/images-v3/0c44253f-c4a3-4340-9d37-d41e42b9d14a/31b3e510-ee9a-4acd-889c-a795b34156e1/300x300.jpg
Fruits & Légumes,ef2be9c9-4206-4da5-8bf1-834485285ef3,MPX_2335440,Basilic le pot,2.0,2.0,"['Fruits & Légumes', 'Légumes Frais', 'Herbes Aromatiques et Epices']",Monoprix,True,False,false,1.0,DAY,,['Produit bio'],https://courses.monoprix.fr/images-v3/0c44253f-c4a3-4340-9d37-d41e42b9d14a/f07563f5-0dcf-4100-9c67-277a3283b844/300x300.jpg
Fruits & Légumes,00526c5a-fecf-4da4-82a0-c94e9bb3eb45,MPX_3887029,Andros 100% pur jus d'oranges sanguines pressées bio 75cl,3.49,4.65,"['Bio', 'Boisson et Cave bio', 'Jus bio']",ANDROS,True,False,false,4.0,WEEK,750ml,['Produit bio'],https://courses.monoprix.fr/images-v3/0c44253f-c4a3-4340-9d37-d41e42b9d14a/0981acfa-9779-481e-b25e-c251dc52f1fc/300x300.jpg
Fruits & Légumes,ba2e8218-7230-4680-a9e0-09a349a0f507,MPX_80061,Florette batavia 200g,1.99,9.95,"['Fruits & Légumes', 'Prêts à consommer', 'Salades']",Florette,True,False,false,2.0,DAY,200g,[],https://courses.monoprix.fr/images-v3/0c44253f-c4a3-4340-9d37-d41e42b9d14a/04f815ff-7064-4e4e-9d8a-70b79446e25a/300x300.jpg
Fruits & Légumes,e66069e9-33bc-4939-a5b3-7ca0a79e2665,MPX_3243506,"Bio Tomates Côtelées Noires Catégorie 2, 300g",2.99,9.97,"['Fruits & Légumes', 'Légumes Frais', 'Tomates']",BIO,True,False,false,4.0,DAY,300g,['Produit bio'],https://courses.monoprix.fr/images-v3/0c44253f-c4a3-4340-9d37-d41e42b9d14a/9558509c-7760-424f-a48b-b06f7b025ef8/300x300.jpg
Fruits & Légumes,25f418fd-c001-4cb9-94e2-69aee11d70bd,MPX_3510822,Innocent Enérgie chérie 750ml,3.95,5.27,"['Fruits & Légumes', 'Jus Frais & Smoothies', 'Autres Jus de Fruits']",Innocent,True,False,false,2.0,WEEK,750ml,[],https://courses.monoprix.fr/images-v3/0c44253f-c4a3-4340-9d37-d41e42b9d14a/85cac6f4-7ba1-48ed-ab21-ffe72d0aa0fe/300x300.jpg
Fruits & Légumes,f8255934-76f6-4b29-a8a0-fd772963ab48,MPX_3887022,"Andros Jus Clémentine 1,5 L",4.39,2.93,"['Fruits & Légumes', 'Jus Frais & Smoothies', 'Autres Jus de Fruits']",Andros,True,False,false,2.0,WEEK,1.5L,[],https://courses.monoprix.fr/images-v3/0c44253f-c4a3-4340-9d37-d41e42b9d14a/1a81c606-db70-4678-8ec2-8c277b72e2fd/300x300.jpg
Fruits & Légumes,61d59d86-c3d1-427b-9c04-4234ec562c2b,MPX_2008279,"Innocent Boisson Ananas, Banane Et Coco 75Cl",4.19,5.59,"['Fruits & Légumes', 'Jus Frais & Smoothies', 'Jus Multifruits']",Innocent,True,False,false,1.0,WEEK,750ml,[],https://courses.monoprix.fr/images-v3/0c44253f-c4a3-4340-9d37-d41e42b9d14a/7a374ca3-b13c-417c-afe6-0c2b813d119a/300x300.jpg
Fruits & Légumes,6ed8a634-b0ae-4a56-a9a6-9cf0c62ea58c,MPX_3777667,Grenade x2,3.0,1.5,"['Fruits & Légumes', 'Fruits Frais', 'Fruits Exotiques']",AUTRE MARQUE,True,False,false,6.0,DAY,2 par pack,[],https://courses.monoprix.fr/images-v3/0c44253f-c4a3-4340-9d37-d41e42b9d14a/42f72be2-ed72-4951-8f5b-f01f93fc8069/300x300.jpg
Fruits & Légumes,3dd0119b-12d6-495d-9fa0-1988fad7fe88,MPX_1486673,Pomme Pink Lady x6 Catégorie 1,3.99,0.67,"['Fruits & Légumes', 'Fruits Frais', 'Pommes, Poires et Raisins', 'Pomme']",-,True,False,false,5.0,DAY,6 par pack,[],https://courses.monoprix.fr/images-v3/0c44253f-c4a3-4340-9d37-d41e42b9d14a/50f1ce14-efd7-4cb9-baaa-6cc88c08e68e/300x300.jpg
Fruits & Légumes,7c7e0d0c-67a1-4f3d-8910-ad149f7a5ebe,MPX_2483560,Monoprix Melon 175g,2.99,17.09,"['Fruits & Légumes', 'Fruits Frais', 'Fruits découpés']",Monoprix,True,False,false,1.0,DAY,175g,[],https://courses.monoprix.fr/images-v3/0c44253f-c4a3-4340-9d37-d41e42b9d14a/7e56fb86-58c6-4a49-96a6-9e55b7862ae0/300x300.jpg
Fruits & Légumes,071fb762-632d-45f4-bf0d-132c490a9ead,MPX_3220624,Seau de Myrtille 500g,6.99,13.98,"['Fruits & Légumes', 'Fruits Frais', 'Fruits Rouges', 'Myrtille']",Monoprix,True,False,false,2.0,DAY,500g,[],https://courses.monoprix.fr/images-v3/0c44253f-c4a3-4340-9d37-d41e42b9d14a/579df365-67ac-406c-9b3e-49798666a661/300x300.jpg
Fruits & Légumes,4e2c20d8-b50b-4a2f-8559-aa7843d9d251,MPX_3487336,Bonduelle iceberg 250g,2.29,9.16,"['Fruits & Légumes', 'Prêts à consommer', 'Salades']",Bonduelle,True,False,false,4.0,DAY,250g,"['Produit végétarien', 'Produit vegan']",https://courses.monoprix.fr/images-v3/0c44253f-c4a3-4340-9d37-d41e42b9d14a/390cdcc4-cdc6-43f3-83ee-0c20b44e9bfe/300x300.jpg
Fruits & Légumes,cdd6ac60-8441-48c0-a9b7-826c1f9fdbc8,MPX_6656294,Bonduelle Feuilles de mâche 100g,1.99,19.9,"['Fruits & Légumes', 'Prêts à consommer', 'Salades']",Bonduelle,True,False,false,3.0,DAY,100g,['Produit vegan'],https://courses.monoprix.fr/images-v3/0c44253f-c4a3-4340-9d37-d41e42b9d14a/8eb312f6-a05f-4821-af39-54b7bfe34edd/300x300.jpg
Fruits & Légumes,19ca8f1d-0c7c-4f13-a44a-371b68be5a92,MPX_3887030,Andros 100% pur jus d'oranges sans pulpe pressées Bio 75cl,3.39,4.52,"['Bio', 'Boisson et Cave bio', 'Jus bio']",ANDROS,True,False,false,2.0,WEEK,750ml,['Produit bio'],https://courses.monoprix.fr/images-v3/0c44253f-c4a3-4340-9d37-d41e42b9d14a/20053088-c34c-4373-9987-9f52b7780e5d/300x300.jpg
Fruits & Légumes,8b5606f0-9eec-465d-ba9c-bbf0d57f46f7,MPX_3430168,Monoprix Gourmet Mélange de 3 noix et abricots secs 120g,3.49,29.08,"['Fruits & Légumes', 'Fruits Secs & Graines', 'Amandes, Noix et Autres Fruits à Coque']",Monoprix Gourmet,True,False,false,2.0,MONTH,120g,[],https://courses.monoprix.fr/images-v3/0c44253f-c4a3-4340-9d37-d41e42b9d14a/d1569b74-c046-40f9-a4e8-6c6403cf97c9/300x300.jpg
Fruits & Légumes,cbcc2afe-58c3-4cdf-9940-984e843258e9,MPX_3510825,"Innocent Jus de pomme, kiwi & concombre 900ml",3.69,4.1,"['Fruits & Légumes', 'Jus Frais & Smoothies', 'Jus de Pomme']",Innocent,True,False,false,1.0,WEEK,90cl,[],https://courses.monoprix.fr/images-v3/0c44253f-c4a3-4340-9d37-d41e42b9d14a/968c45f3-c5ce-4678-a88a-48d61d01390a/300x300.jpg
Fruits & Légumes,a836c1e8-c866-4892-8a88-cb5db56f675f,MPX_886401,Seeberger Noisettes Décortiquées 150G,6.95,46.33,"['Epicerie Sucrée', 'Céréale et Barre', 'Fruits Secs et Graines', 'Amandes, Noix et Autres Fruits à Coques']",Seeberger,True,False,false,2.0,MONTH,150g,[],https://courses.monoprix.fr/images-v3/0c44253f-c4a3-4340-9d37-d41e42b9d14a/9fa11d9e-0fda-4904-80ef-e3a95db9451b/300x300.jpg
Fruits & Légumes,7972121e-fb3c-4dd2-aa77-7a5311e83318,MPX_3953896,Courge Butternut 1Kg,2.49,2.49,"['Fruits & Légumes', 'Légumes Frais', 'Légumes de saison']",AUTRE MARQUE,True,False,false,4.0,DAY,1kg,[],https://courses.monoprix.fr/images-v3/0c44253f-c4a3-4340-9d37-d41e42b9d14a/327c129b-81d2-413b-9fe3-6b8783c8e89c/300x300.jpg
Fruits & Légumes,5e6fdaf0-6e88-4da2-b2af-5b5e905a325c,MPX_1045542,Florette mesclun mélange de jeunes pousses 175g,2.79,15.94,"['Fruits & Légumes', 'Prêts à consommer', 'Salades']",Florette,True,False,false,2.0,DAY,175g,['Produit végétarien'],https://courses.monoprix.fr/images-v3/0c44253f-c4a3-4340-9d37-d41e42b9d14a/fafd35d2-4e8d-4e78-a523-36f99de4e475/300x300.jpg
Fruits & Légumes,d048e5d3-4e0f-47b6-a44b-e6478a00d09b,MPX_1663641,Monoprix laitue iceberg 300g,0.99,3.3,"['Fruits & Légumes', 'Prêts à consommer', 'Salades']",Monoprix,True,False,false,2.0,DAY,300g,[],https://courses.monoprix.fr/images-v3/0c44253f-c4a3-4340-9d37-d41e42b9d14a/18307a46-06d8-4e22-9226-96cddd815459/300x300.jpg
Fruits & Légumes,7168932f-02c4-46fd-8123-8f0b62c93d9f,MPX_80082,Champignon Blanc de Paris 500g,3.5,7.0,"['Fruits & Légumes', 'Légumes Frais', 'Champignons']",Monoprix,True,False,false,1.0,DAY,500g,[],https://courses.monoprix.fr/images-v3/0c44253f-c4a3-4340-9d37-d41e42b9d14a/9fecca9b-a63c-4c24-9d02-5c84af2df590/300x300.jpg
Fruits & Légumes,cdc5f86d-a456-44fb-9522-ff2686fe80de,MPX_875083,"Florette baby carottes, sans conservateur 250g",2.79,11.16,"['Fruits & Légumes', 'Légumes Frais', 'Pommes de terre et Carottes', 'Carotte']",Florette,True,False,false,5.0,DAY,250g,[],https://courses.monoprix.fr/images-v3/0c44253f-c4a3-4340-9d37-d41e42b9d14a/f06e3e17-46d1-49c8-a9e7-1a0c242804f3/300x300.jpg
Fruits & Légumes,ddfcb2de-7dcb-4ec5-9349-f9ffe4ade014,MPX_142227,Monoprix Cœur de laitue sachet de 200g,1.99,9.95,"['Fruits & Légumes', 'Prêts à consommer', 'Salades']",Monoprix,True,False,false,1.0,DAY,200g,[],https://courses.monoprix.fr/images-v3/0c44253f-c4a3-4340-9d37-d41e42b9d14a/da101a4f-ff7e-403a-9eb3-5e0e4e450e33/300x300.jpg
Fruits & Légumes,3273c483-c3ba-4e29-adc3-bc9a44c41e92,MPX_6631773,Kiwi gold bio en barquette x4,5.99,1.5,"['Fruits & Légumes', 'Fruits & Légumes Bio', 'Fruits Frais Bio']",-,True,False,false,4.0,DAY,4 par pack,['Produit bio'],https://courses.monoprix.fr/images-v3/0c44253f-c4a3-4340-9d37-d41e42b9d14a/2a8536d6-379d-4531-ad15-0d926e504e78/300x300.jpg
Fruits & Légumes,79b9ba28-76e1-453d-9d54-67e462285b34,MPX_2412525,"Monoprix Tous Cultiv'Acteurs Pommes Rouge Gala, catégorie 1 x4 fruits",2.49,0.62,"['Fruits & Légumes', 'Monoprix Tous Cultiv’Acteurs', 'Fruits']",Monoprix tous cultiv'acteur,True,False,false,3.0,DAY,4 par pack,[],https://courses.monoprix.fr/images-v3/0c44253f-c4a3-4340-9d37-d41e42b9d14a/0e8c5259-9287-4563-823a-55c225ca18b4/300x300.jpg
Fruits & Légumes,c30b277c-f79d-4418-88bc-51074e4d5cf8,MPX_2156370,Monoprix Bio Pomme Golden x6 Catégorie 2,3.99,0.67,"['Bio', 'Fruit et Légume bio', 'Fruit frais bio']",MONOP BIOLOGIQUE,True,False,false,3.0,DAY,6 par pack,['Produit bio'],https://courses.monoprix.fr/images-v3/0c44253f-c4a3-4340-9d37-d41e42b9d14a/e093f8b4-8ea6-4cf2-b8f6-2a168d57f6f6/300x300.jpg
Fruits & Légumes,a5645a8a-2635-4a1d-b7fe-f5abd2bb893a,MPX_4420025,Natoora Oranges à Jus - 1kg,3.99,3.99,"['Fruits & Légumes', 'Natoora le Primeur', 'Fruits']",Natoora,True,False,false,2.0,DAY,1kg,[],https://courses.monoprix.fr/images-v3/0c44253f-c4a3-4340-9d37-d41e42b9d14a/8293ea36-1502-4fde-aaf7-6dbd05aae517/300x300.jpg
Fruits & Légumes,7ef07b59-52f6-4f58-a0eb-1efe5559afc7,MPX_2076295,Myrtille Bio 125g,3.99,31.92,"['Bio', 'Fruit et Légume bio', 'Fruit frais bio']",Bio,True,False,false,2.0,DAY,125g,['Produit bio'],https://courses.monoprix.fr/images-v3/0c44253f-c4a3-4340-9d37-d41e42b9d14a/e12fae04-bcbe-4af9-94b5-cc51d73ef766/300x300.jpg
Fruits & Légumes,cfc9cb99-fc3a-4f5b-8c25-a7557d5a9f48,MPX_2247434,Courge Butternut Bio,3.49,3.49,"['Fruits & Légumes', 'Légumes Frais', 'Légumes Bio']",Monoprix Bio,True,False,false,4.0,DAY,,['Produit bio'],https://courses.monoprix.fr/images-v3/0c44253f-c4a3-4340-9d37-d41e42b9d14a/ffff4026-39b6-475a-a5c2-f57389cf7681/300x300.jpg
Fruits & Légumes,bfd464ff-5c8e-4b0d-b63c-026ffba9b16d,MPX_737582,Bio Brocoli 500G,3.99,3.99,"['Fruits & Légumes', 'Fruits & Légumes Bio', 'Légumes Frais Bio']",-,True,False,false,2.0,DAY,,['Produit bio'],https://courses.monoprix.fr/images-v3/0c44253f-c4a3-4340-9d37-d41e42b9d14a/cf553b80-98d1-4f93-b6bb-035536e2f248/300x300.jpg
Fruits & Légumes,d1c34645-4ab8-4105-96f8-a0b669ca5f31,MPX_1596746,Monoprix mangue en morceaux 200g,3.39,16.95,"['Fruits & Légumes', 'Fruits Frais', 'Fruits découpés']",Monoprix,True,False,false,2.0,DAY,200g,[],https://courses.monoprix.fr/images-v3/0c44253f-c4a3-4340-9d37-d41e42b9d14a/22c3d03f-3fe7-4f46-9eda-9a55433b7fd1/300x300.jpg
Fruits & Légumes,31281a33-b4c7-42c2-82da-fd0c7984aa86,MPX_1663837,Oignon Jaune Gros Calibre 1kg,1.79,1.79,"['Fruits & Légumes', 'Légumes Frais', 'Ail, Oignons et Echalotes', 'Oignon']",AUTRE MARQUE,True,False,false,1.0,WEEK,1kg,[],https://courses.monoprix.fr/images-v3/0c44253f-c4a3-4340-9d37-d41e42b9d14a/d502f2cb-ca60-48e9-b4ac-0e1a227a66b3/300x300.jpg
Fruits & Légumes,d630481b-83f7-47d2-935d-47bbae7262e6,MPX_1753539,Aubergine Bio 500G,2.99,5.98,"['Fruits & Légumes', 'Légumes Frais', 'Aubergines, Courgettes et Poivrons', 'Aubergine']",-,True,False,false,2.0,DAY,500g,['Produit bio'],https://courses.monoprix.fr/images-v3/0c44253f-c4a3-4340-9d37-d41e42b9d14a/165717ac-6065-417f-8255-d4e4257b658a/300x300.jpg
Fruits & Légumes,aed8564d-2e1a-4359-8553-c9a608bc9bb9,MPX_888071,Oignon Jaune Bio 500G,2.99,5.98,"['Bio', 'Fruit et Légume bio', 'Légume frais bio']",Monoprix,True,False,false,1.0,WEEK,500g,['Produit bio'],https://courses.monoprix.fr/images-v3/0c44253f-c4a3-4340-9d37-d41e42b9d14a/7c4f23c7-fe88-4de5-8cf3-5129fa0d99fc/300x300.jpg
Fruits & Légumes,0dace045-7a19-42a6-be7c-13ba47a36a73,MPX_1820056,"Florette radis déjà lavés, prêt à consommer 200g",2.89,14.45,"['Nos sélections', 'Inspiration du moment', '& Barbecue', 'Légumes']",Florette,True,False,false,4.0,DAY,200g,[],https://courses.monoprix.fr/images-v3/0c44253f-c4a3-4340-9d37-d41e42b9d14a/256d322a-2e78-4c2f-865e-f25be809a015/300x300.jpg
Fruits & Légumes,abb1a76a-f961-4a28-a2db-4a291f538cb7,MPX_93960,Poivron tricolore 500g - Catégorie 1,1.99,3.98,"['Fruits & Légumes', 'Légumes Frais', 'Aubergines, Courgettes et Poivrons', 'Poivron']",Monoprix,True,False,false,3.0,DAY,500g,[],https://courses.monoprix.fr/images-v3/0c44253f-c4a3-4340-9d37-d41e42b9d14a/436e9170-cc88-4739-97c6-33f317a98d31/300x300.jpg
Fruits & Légumes,d3a856d3-de7c-487e-b1ea-a77e12b2d069,MPX_1934045,Florette Salade Mâche 125g,1.99,15.92,"['Fruits & Légumes', 'Prêts à consommer', 'Salades']",Florette,True,False,false,2.0,DAY,125g,[],https://courses.monoprix.fr/images-v3/0c44253f-c4a3-4340-9d37-d41e42b9d14a/ea88eb2c-8e9c-4e7a-af65-a182592e23f1/300x300.jpg
Fruits & Légumes,90eb904f-9f7f-4cdc-864e-7483fe5bdb3d,MPX_1758674,Poivrons Mixte Bio 500g,3.49,6.98,"['Bio', 'Fruit et Légume bio', 'Légume frais bio']",-,True,False,false,2.0,DAY,500g,['Produit bio'],https://courses.monoprix.fr/images-v3/0c44253f-c4a3-4340-9d37-d41e42b9d14a/5cd4ef34-685c-4ce2-b52c-53931b2cbbde/300x300.jpg
Fruits & Légumes,bd9e9cbe-9350-4457-bcd2-8a2e2ddc4b65,MPX_2534920,Bio Champignon Blond 200G,2.6,13.0,"['Nos sélections', 'Inspiration du moment', '& Barbecue', 'Légumes']",-,True,False,false,1.0,DAY,200g,['Produit bio'],https://courses.monoprix.fr/images-v3/0c44253f-c4a3-4340-9d37-d41e42b9d14a/30024aca-dc44-41b5-bef1-e1b590b654f5/300x300.jpg
Fruits & Légumes,5a1cc344-ef79-496e-8a62-017b32b222b5,MPX_3331000,Kiwi Vert Zespri x6,5.99,16.64,"['Fruits & Légumes', 'Fruits Frais', 'Fruits de saison']",Monoprix,True,False,false,4.0,DAY,360g,[],https://courses.monoprix.fr/images-v3/0c44253f-c4a3-4340-9d37-d41e42b9d14a/d372cbfd-6de2-4f38-9333-d46f21214b7e/300x300.jpg
Fruits & Légumes,248ecbb4-1775-4d51-b013-3f482b3aa271,MPX_2650377,Avocat Hass x2,3.99,2.0,"['Fruits & Légumes', 'Légumes Frais', 'Avocats, Concombres et Radis', 'Avocat']",Monoprix,True,False,false,2.0,DAY,2 par pack,[],https://courses.monoprix.fr/images-v3/0c44253f-c4a3-4340-9d37-d41e42b9d14a/067ca321-b15c-4710-a012-2c7f2fc5bb85/300x300.jpg
Fruits & Légumes,cb8cdb78-56ac-4a36-8b91-d3f84e2ac693,MPX_1817571,Andros jus de clémentine la bouteille de 1L,3.59,3.59,"['Fruits & Légumes', 'Jus Frais & Smoothies', 'Autres Jus de Fruits']",Andros,True,False,false,4.0,WEEK,1L,[],https://courses.monoprix.fr/images-v3/0c44253f-c4a3-4340-9d37-d41e42b9d14a/f1301a7d-3719-462c-99ed-7ac7a6cac81b/300x300.jpg
Fruits & Légumes,73ff7b93-5031-41a4-89da-c2932225f3d4,MPX_4286360,C'Zon Haricots Verts Eboutés 180g,2.69,14.94,"['Fruits & Légumes', 'Légumes Frais', 'Petits Légumes Verts']",C'zon,True,False,false,3.0,DAY,180g,[],https://courses.monoprix.fr/images-v3/0c44253f-c4a3-4340-9d37-d41e42b9d14a/1622782d-1031-4a13-a12a-96bc125b60dc/300x300.jpg
Fruits & Légumes,4f62d058-b4f7-498a-8c4e-7c55760b3cb2,MPX_2562471,Driscoll's Framboise 125g,2.99,23.92,"['Fruits & Légumes', 'Fruits Frais', 'Fruits Rouges', 'Framboise']",FRUITS ROUGES AND CO ,True,False,false,2.0,DAY,125g,[],https://courses.monoprix.fr/images-v3/0c44253f-c4a3-4340-9d37-d41e42b9d14a/e37221a2-ee6d-4b08-bda9-d0751c2d19a3/300x300.jpg
Fruits & Légumes,d6add144-0e15-4522-aee6-54deede7b581,MPX_2409163,Haricot vert fin 250g,2.89,11.56,"['Fruits & Légumes', 'Légumes Frais', 'Petits Légumes Verts']",Monoprix,True,False,false,2.0,DAY,250g,[],https://courses.monoprix.fr/images-v3/0c44253f-c4a3-4340-9d37-d41e42b9d14a/3bd06751-58f9-4fd6-975d-cb62d580fece/300x300.jpg
Fruits & Légumes,8ca50532-0804-4147-a32e-f92cb7c15d68,MPX_873272,Citron Vert 500g Catégorie 1,2.49,4.98,"['Fruits & Légumes', 'Fruits Frais', 'Agrumes', 'Citron']",Monoprix,True,False,false,4.0,DAY,500g,[],https://courses.monoprix.fr/images-v3/0c44253f-c4a3-4340-9d37-d41e42b9d14a/2f9c2741-830d-4b6f-8468-6f0da0107d45/300x300.jpg
Fruits & Légumes,84298cb0-276e-473e-bd72-807bbe8987ee,MPX_1817568,Andros Jus D'Orange 1 L,3.59,3.59,"['Fruits & Légumes', 'Jus Frais & Smoothies', ""Jus d'Orange""]",Andros,True,False,false,2.0,WEEK,1L,[],https://courses.monoprix.fr/images-v3/0c44253f-c4a3-4340-9d37-d41e42b9d14a/ee83d03c-7c70-474c-b6e1-a6b425214b5b/300x300.jpg
Fruits & Légumes,4158d74c-1b93-40c7-8512-4aa253b27a6a,MPX_2153991,Pomme Juliet Bio x4 Catégorie 2,3.49,0.87,"['Bio', 'Fruit et Légume bio', 'Fruit frais bio']",-,True,False,false,3.0,DAY,4 par pack,['Produit bio'],https://courses.monoprix.fr/images-v3/0c44253f-c4a3-4340-9d37-d41e42b9d14a/92f04dfb-e4f0-4e0c-b6c4-0cd4d1b5a711/300x300.jpg
Fruits & Légumes,ec6b2936-4a88-400a-8d76-732c5f22b56e,MPX_1653556,Monoprix roquette 100g,1.99,19.9,"['Fruits & Légumes', 'Prêts à consommer', 'Salades']",Monoprix,True,False,false,2.0,DAY,100g,[],https://courses.monoprix.fr/images-v3/0c44253f-c4a3-4340-9d37-d41e42b9d14a/2b2a5f61-7b16-404b-9327-70e8254136ee/300x300.jpg
Fruits & Légumes,809e5133-159b-46b4-b202-5ba260093a77,MPX_2785803,Epinard Jeunes Pousses 125 G,1.3,1.3,"['Nos recettes', 'Recettes du Monde', ""& Chakchouka d'hiver aux épinars fenouil et pois chiches""]",-,True,False,false,2.0,DAY,,[],https://courses.monoprix.fr/images-v3/0c44253f-c4a3-4340-9d37-d41e42b9d14a/a7c59946-bfd8-4e36-a2a4-8544ff431fcf/300x300.jpg
Fruits & Légumes,585768ea-c2d0-42e5-a341-907fc23a0cc5,MPX_2005639,Monoprix Bio Mâche sachet de 125g,2.49,19.92,"['Bio', 'Fruit et Légume bio', 'Légume frais bio']",Monoprix Bio,True,False,false,2.0,DAY,125g,['Produit bio'],https://courses.monoprix.fr/images-v3/0c44253f-c4a3-4340-9d37-d41e42b9d14a/5b21afa4-b74e-4540-972e-811b5ecca195/300x300.jpg
Fruits & Légumes,2eb620e7-9bba-4c73-b092-40988116e7c2,MPX_2261477,C'Zon oignon blanc 100g,2.35,23.5,"['Fruits & Légumes', 'Légumes Frais', 'Ail, Oignons et Echalotes', 'Oignon']",C'zon,True,False,false,2.0,DAY,100g,"['Produit végétarien', 'Produit vegan']",https://courses.monoprix.fr/images-v3/0c44253f-c4a3-4340-9d37-d41e42b9d14a/76d67e1e-98bf-48ae-9beb-db173b22c12f/300x300.jpg
Fruits & Légumes,39418b73-e2d3-4b60-a9b8-d46a70d4762d,MPX_4920155,Natoora Poireaux Nouveaux Cat: I - 500g,2.49,4.98,"['Fruits & Légumes', 'Natoora le Primeur', 'Légumes, Salades et Herbes']",Natoora,True,False,false,3.0,DAY,500g,[],https://courses.monoprix.fr/images-v3/0c44253f-c4a3-4340-9d37-d41e42b9d14a/8db47362-600d-48c4-a270-09056b80b20c/300x300.jpg
Fruits & Légumes,cf241c42-8682-40c2-8888-b344a460e6d9,MPX_2077539,Andros jus de ananas la bouteille de 1L,3.99,3.99,"['Fruits & Légumes', 'Jus Frais & Smoothies', 'Autres Jus de Fruits']",Andros,True,False,false,2.0,WEEK,1L,[],https://courses.monoprix.fr/images-v3/0c44253f-c4a3-4340-9d37-d41e42b9d14a/ec5689a9-efbe-4904-88c5-77fc7c3278c7/300x300.jpg
Fruits & Légumes,705bd3a5-8427-4f43-b7e1-6a9369d40d52,MPX_655062,"Pomme de Terre Ile de Batz Bio 1,5kg",5.99,3.99,"['Fruits & Légumes', 'Légumes Frais', 'Légumes Bio']",-,True,False,false,4.0,DAY,1.5kg,['Produit bio'],https://courses.monoprix.fr/images-v3/0c44253f-c4a3-4340-9d37-d41e42b9d14a/1b363456-4d79-410e-a650-f3c2b864642e/300x300.jpg
Fruits & Légumes,13c916db-90d8-42cb-92e7-1e536906cd9e,MPX_2008204,Les Nouveaux Producteurs endives XS en sachet x6,3.99,0.67,"['Fruits & Légumes', 'Légumes Frais', 'Salades, Endives, Asperges et Artichauts', 'Endive']",Les Nouveaux Producteurs,True,False,false,2.0,DAY,6 x 1 par pack,[],https://courses.monoprix.fr/images-v3/0c44253f-c4a3-4340-9d37-d41e42b9d14a/84f1c1e0-fa3e-4c92-8951-8409c006ba3a/300x300.jpg
Fruits & Légumes,560c4f01-1e34-4688-ba30-2f6fb5861065,MPX_184317,"Pomme Golden 1,5Kg Catégorie 1",3.49,2.33,"['Fruits & Légumes', 'Fruits Frais', 'Pommes, Poires et Raisins', 'Pomme']",Monoprix,True,False,false,3.0,DAY,1.5kg,[],https://courses.monoprix.fr/images-v3/0c44253f-c4a3-4340-9d37-d41e42b9d14a/843d54d7-a83f-4e73-8b18-ca4e8583de96/300x300.jpg
Fruits & Légumes,0bb32f78-063b-4153-a0d3-dda0573d349e,MPX_897489,Seeberger Amandes Décortiquées 200G,5.95,29.75,"['Epicerie Salée', 'Produit apéritif', 'Cacahuète, Noix, Amande et Pistache', 'Amande et Pistache']",Seeberger,True,False,false,2.0,MONTH,200g,[],https://courses.monoprix.fr/images-v3/0c44253f-c4a3-4340-9d37-d41e42b9d14a/c7bfd82f-33b1-4b1c-9bbe-a2987c7e0d72/300x300.jpg
Fruits & Légumes,ce6a902c-7202-4933-9211-4719af5df665,MPX_2247435,Potimarron Bio X1,3.49,3.49,"['Fruits & Légumes', 'Légumes Frais', 'Légumes Bio']",Monoprix Bio,True,False,false,2.0,DAY,,['Produit bio'],https://courses.monoprix.fr/images-v3/0c44253f-c4a3-4340-9d37-d41e42b9d14a/1222be1d-5cec-43bc-9127-30899ab46f28/300x300.jpg
Fruits & Légumes,55843b08-6434-47fc-9224-7210a966b677,MPX_2060668,"Pomme de terre Vapeur Salade Rissolée 2,5kg",4.49,1.8,"['Fruits & Légumes', 'Légumes Frais', 'Pommes de terre et Carottes', 'Pommes de terre']",JARDIN DE LIMAGNE,True,False,false,6.0,DAY,2.5kg,[],https://courses.monoprix.fr/images-v3/0c44253f-c4a3-4340-9d37-d41e42b9d14a/3637a780-0ec5-446e-baf9-dcc3029cd8d0/300x300.jpg
Fruits & Légumes,15256911-845d-4b22-8a2f-eeade8afbefa,MPX_4043237,Natoora Carotte Sable 600g,1.99,3.32,"['Fruits & Légumes', 'Légumes Frais', 'Pommes de terre et Carottes', 'Carotte']",Natoora,True,False,false,4.0,DAY,600g,[],https://courses.monoprix.fr/images-v3/0c44253f-c4a3-4340-9d37-d41e42b9d14a/4245f791-efc7-4a84-ab3c-962072187e5c/300x300.jpg
Fruits & Légumes,c38f72b8-06f8-47d6-bf44-89475634308c,MPX_4122967,Monoprix Tous Cultiv'Acteurs Échalote Traditionnelle 250g,1.99,7.96,"['Fruits & Légumes', 'Légumes Frais', 'Ail, Oignons et Echalotes', 'Echalote']",Monoprix,True,False,false,1.0,WEEK,250g,[],https://courses.monoprix.fr/images-v3/0c44253f-c4a3-4340-9d37-d41e42b9d14a/d0289307-9c03-40cf-bf41-bd9c38fcf451/300x300.jpg
Fruits & Légumes,7fa87c6f-24a1-4d17-8c96-a3f18cbfe65d,MPX_2306059,Innocent Jus Ananas et Fruit de la Passion 900ml,3.29,3.66,"['Fruits & Légumes', 'Jus Frais & Smoothies', 'Autres Jus de Fruits']",Innocent,True,False,false,1.0,WEEK,900ml,[],https://courses.monoprix.fr/images-v3/0c44253f-c4a3-4340-9d37-d41e42b9d14a/d1c1cda3-a5f4-4252-98fe-576806bba394/300x300.jpg
Fruits & Légumes,aeebccd5-ba22-4241-8f70-0f6ee804493f,MPX_1046082,Bonduelle Mâche & Roquette Sachet De 100G,1.78,17.8,"['Fruits & Légumes', 'Prêts à consommer', 'Salades']",Bonduelle,True,False,false,3.0,DAY,100g,"['Produit végétarien', 'Produit vegan']",https://courses.monoprix.fr/images-v3/0c44253f-c4a3-4340-9d37-d41e42b9d14a/ca309d21-0d83-4863-9eac-e5e21958bd76/300x300.jpg
Fruits & Légumes,ec462d3d-96b9-485d-a10a-d6112d0bf919,MPX_1951661,Florette purée de pommes de terre 2x200g,3.49,8.73,"['Fruits & Légumes', 'Soupes & Purées', 'Purées Fraîches']",Florette,True,False,false,1.0,WEEK,2 x 200g,[],https://courses.monoprix.fr/images-v3/0c44253f-c4a3-4340-9d37-d41e42b9d14a/12a6a2d1-e049-42e7-ade5-543a0e193101/300x300.jpg
Fruits & Légumes,1d003284-8637-4208-8bd6-7a4d817744c8,MPX_4203322,Sungold Kiwi Panier 4 unités,5.99,14.98,"['Fruits & Légumes', 'Fruits Frais', 'Fruits de saison']",Sungold,True,False,false,4.0,DAY,400g,[],https://courses.monoprix.fr/images-v3/0c44253f-c4a3-4340-9d37-d41e42b9d14a/53c8c0a4-4f91-43b3-bba4-911e35ad2cd7/300x300.jpg
Fruits & Légumes,bf87fd34-e9f3-4a41-be01-7dca0583c612,MPX_3987630,Natoora Fenouil Bulbe CAT : I x1 tête,3.85,9.63,"['Bio', 'Fruit et Légume bio', 'Légume frais bio']",Natoora,True,False,false,4.0,DAY,400g,[],https://courses.monoprix.fr/images-v3/0c44253f-c4a3-4340-9d37-d41e42b9d14a/6c233aca-dc37-4a15-b6a4-96c98c032f0b/300x300.jpg
Fruits & Légumes,eaf81e9e-6b63-48a4-80ff-c63ccb281b0e,MPX_1803095,Monoprix ananas en tranches 350g,3.59,10.26,"['Fruits & Légumes', 'Fruits Frais', 'Fruits découpés']",Monoprix,True,False,false,2.0,DAY,350g,[],https://courses.monoprix.fr/images-v3/0c44253f-c4a3-4340-9d37-d41e42b9d14a/4684ae4f-c045-4d06-a87e-8b2080a1dfbe/300x300.jpg
Fruits & Légumes,5335237e-48b0-4dfa-8796-e03106a25a59,MPX_2293799,Monoprix Bio Orange 1kg,3.29,3.29,"['Bio', 'Fruit et Légume bio', 'Fruit frais bio']",Monoprix Bio,True,False,false,3.0,DAY,1kg,['Produit bio'],https://courses.monoprix.fr/images-v3/0c44253f-c4a3-4340-9d37-d41e42b9d14a/2f93251e-cc7f-4334-afae-244cc49f1e1d/300x300.jpg
Fruits & Légumes,68487921-68ab-43e7-9eb4-737c8a87abc6,MPX_1951657,Florette purée de carottes sans additif 2x200g,3.49,8.73,"['Fruits & Légumes', 'Soupes & Purées', 'Purées Fraîches']",Florette,True,False,false,1.0,WEEK,2 x 200g,[],https://courses.monoprix.fr/images-v3/0c44253f-c4a3-4340-9d37-d41e42b9d14a/a52ed742-01b2-4874-8c88-f49de40d71f7/300x300.jpg
Fruits & Légumes,b16dc141-a93f-4989-aead-38b97996c4ff,MPX_1878149,"Pomme Gala 1,5Kg Catégorie 1",3.49,2.33,"['Fruits & Légumes', 'Fruits Frais', 'Pommes, Poires et Raisins', 'Pomme']",-,True,False,false,3.0,DAY,1.5kg,[],https://courses.monoprix.fr/images-v3/0c44253f-c4a3-4340-9d37-d41e42b9d14a/9e60efeb-7c43-4315-8245-f638d725a3d0/300x300.jpg
Fruits & Légumes,75633edf-a2d0-4c7e-8e86-7fad0ef71efb,MPX_1044904,"Monoprix Cocktail gourmand noix de cajou, amandes & noix de pécan 100g",2.69,26.9,"['Epicerie Sucrée', 'Céréale et Barre', 'Fruits Secs et Graines', 'Amandes, Noix et Autres Fruits à Coques']",Monoprix,True,False,false,1.0,MONTH,100g,[],https://courses.monoprix.fr/images-v3/0c44253f-c4a3-4340-9d37-d41e42b9d14a/b8bdd58e-4b0d-4adf-9d3a-1b5453ffbb2b/300x300.jpg
Fruits & Légumes,06867d1b-7560-4532-934d-afe2a92e2c08,MPX_3441653,Tropicana Pur Jus Frais d'Orange sans Pulpe la Bouteille de 90cl,3.09,3.43,"['Fruits & Légumes', 'Jus Frais & Smoothies', ""Jus d'Orange""]",Tropicana,True,False,false,1.0,WEEK,90cl,[],https://courses.monoprix.fr/images-v3/0c44253f-c4a3-4340-9d37-d41e42b9d14a/43043fa0-49ac-45dd-ad92-b73297665550/300x300.jpg
Fruits & Légumes,9fc06a48-bf99-4108-b547-3af30dccb8fa,MPX_3034109,Champignon Blanc Éminces 200g,2.8,14.0,"['Fruits & Légumes', 'Légumes Frais', 'Champignons']",Monoprix,True,False,false,1.0,DAY,200g,[],https://courses.monoprix.fr/images-v3/0c44253f-c4a3-4340-9d37-d41e42b9d14a/b831ffca-2015-41fe-85dc-2fc29c32644a/300x300.jpg
Fruits & Légumes,eda682dc-a5c7-4c93-a95b-9d29554b78cc,MPX_2264183,Le Petit Producteur poires conférences bio x4,3.49,5.37,"['Fruits & Légumes', 'Fruits Frais', 'Pommes, Poires et Raisins', 'Poire']",Le Petit Producteur,True,False,false,3.0,DAY,650g,[],https://courses.monoprix.fr/images-v3/0c44253f-c4a3-4340-9d37-d41e42b9d14a/902c5dd2-441f-4706-8adb-20490c23ade6/300x300.jpg
Fruits & Légumes,bdbedec8-2246-4654-a6fb-15e07253e1b5,MPX_4206155,Carotte botte - 1 pièce,4.25,4.25,"['Fruits & Légumes', 'Légumes Frais', 'Pommes de terre et Carottes', 'Carotte']",Natoora,True,False,false,1.0,WEEK,,[],https://courses.monoprix.fr/images-v3/0c44253f-c4a3-4340-9d37-d41e42b9d14a/57fd7fc1-d213-4bc9-845a-89a1e8ca59ca/300x300.jpg
Fruits & Légumes,62bbe9e6-71b7-41c3-a02f-80bbd7fabaf9,MPX_4920159,Natoora Avocat Hass - Gros Calibre - 2 pièces - CAT: Extra,5.29,2.65,"['Fruits & Légumes', 'Légumes Frais', 'Avocats, Concombres et Radis', 'Avocat']",Natoora,True,False,false,2.0,DAY,2 par pack,[],https://courses.monoprix.fr/images-v3/0c44253f-c4a3-4340-9d37-d41e42b9d14a/097e8029-5f99-46a8-a888-d7e8cb518af0/300x300.jpg
Fruits & Légumes,0f25ac1c-56a7-4d85-a7f4-7a297c9a7810,MPX_3987637,Natoora Pomelos Rose - 2 pièces,2.99,1.5,"['Fruits & Légumes', 'Natoora le Primeur', 'Fruits']",Natoora,True,False,false,4.0,DAY,2 par pack,[],https://courses.monoprix.fr/images-v3/0c44253f-c4a3-4340-9d37-d41e42b9d14a/502103ac-a2bf-4cf6-9d6d-787abc5490ac/300x300.jpg
Fruits & Légumes,62d4a4ac-fdb0-42ab-aa24-189c657c9a5e,MPX_4095214,Driscoll's Mûre 125g,3.99,31.92,"['Fruits & Légumes', 'Fruits Frais', 'Fruits Rouges', 'Mûre']",Monoprix,True,False,false,2.0,DAY,125g,[],https://courses.monoprix.fr/images-v3/0c44253f-c4a3-4340-9d37-d41e42b9d14a/f40d8c48-fe0f-4cee-8132-ffbe202bbef2/300x300.jpg
Fruits & Légumes,e7fb3909-9e27-47c8-ac92-b019c2e8db5e,MPX_6657416,Pomme de Terre Princesse Amandine 2kg,4.99,2.5,"['Fruits & Légumes', 'Légumes Frais', 'Pommes de terre et Carottes', 'Pommes de terre']",Monoprix,True,False,false,3.0,DAY,2kg,[],https://courses.monoprix.fr/images-v3/0c44253f-c4a3-4340-9d37-d41e42b9d14a/b3c28be8-1489-419d-bfad-2fb3baf6788c/300x300.jpg
Fruits & Légumes,93539ddc-9b7d-4223-bff4-7d2177b296d5,MPX_2321346,Monoprix Bio Endive Sachet 400G,4.99,12.48,"['Bio', 'Fruit et Légume bio', 'Légume frais bio']",Monoprix Bio,True,False,false,2.0,DAY,400g,['Produit bio'],https://courses.monoprix.fr/images-v3/0c44253f-c4a3-4340-9d37-d41e42b9d14a/8240b971-0401-4df4-87da-914069e12089/300x300.jpg
Fruits & Légumes,baf1f221-1b56-470f-8656-d0230110c583,MPX_3987627,Natoora Concombre Lisse - 500/600gr - 1 pièce,2.99,2.99,"['Fruits & Légumes', 'Légumes Frais', 'Avocats, Concombres et Radis', 'Concombre']",Natoora,True,False,false,4.0,DAY,,[],https://courses.monoprix.fr/images-v3/0c44253f-c4a3-4340-9d37-d41e42b9d14a/e944c374-7b9f-405a-97f7-76bb31f8902f/300x300.jpg
Fruits & Légumes,1ea91cdd-adcc-4285-8b45-1600bc126dc1,MPX_2306057,Innocent Jus de Pomme Pêche & Poire 900ml,3.29,3.66,"['Fruits & Légumes', 'Jus Frais & Smoothies', 'Jus Multifruits']",Innocent,True,False,false,1.0,WEEK,900ml,[],https://courses.monoprix.fr/images-v3/0c44253f-c4a3-4340-9d37-d41e42b9d14a/b6897087-50bc-484e-a0be-66f54acd1a3b/300x300.jpg
Fruits & Légumes,471be194-a9f5-42a9-ba81-5463da79df58,MPX_875654,Seeberger Cerneaux De Noix 150G,6.95,46.33,"['Epicerie Sucrée', 'Céréale et Barre', 'Fruits Secs et Graines', 'Amandes, Noix et Autres Fruits à Coques']",Seeberger,True,False,false,2.0,MONTH,150g,[],https://courses.monoprix.fr/images-v3/0c44253f-c4a3-4340-9d37-d41e42b9d14a/52f71d68-5477-4338-aee3-70ed122f260e/300x300.jpg
Fruits & Légumes,cb19bf18-aec8-4f9e-ade0-79c9e024d934,MPX_4206144,Natoora Courgettes Vertes Longues - 500g,3.62,7.24,"['Fruits & Légumes', 'Légumes Frais', 'Aubergines, Courgettes et Poivrons', 'Courgette']",Natoora,True,False,false,4.0,DAY,500g,[],https://courses.monoprix.fr/images-v3/0c44253f-c4a3-4340-9d37-d41e42b9d14a/bb3530e6-f8d1-4110-99ea-0d105cb24048/300x300.jpg
Fruits & Légumes,c1253945-b5c6-41a9-93dc-7fcd2ab8dd26,MPX_3441652,Tropicana Réveil des Tropiques 900ml,3.65,4.06,"['Fruits & Légumes', 'Jus Frais & Smoothies', 'Autres Jus de Fruits']",Tropicana,True,False,false,1.0,WEEK,90cl,[],https://courses.monoprix.fr/images-v3/0c44253f-c4a3-4340-9d37-d41e42b9d14a/3c65c8fd-0ef8-4fa3-b55d-89263f77a99b/300x300.jpg
Fruits & Légumes,8ae2a218-1829-4ec7-aaed-06fca4487504,MPX_2888787,Florette coeur de laitue 200g,2.15,10.75,"['Fruits & Légumes', 'Prêts à consommer', 'Salades']",Florette,True,False,false,2.0,DAY,200g,[],https://courses.monoprix.fr/images-v3/0c44253f-c4a3-4340-9d37-d41e42b9d14a/2e8a94e3-9d16-4c24-bd9e-28bf7ffb5d46/300x300.jpg
Fruits & Légumes,9194d662-a266-4cba-820f-1b77f989aaca,MPX_4420021,Natoora Pommes de Terre - Grenaille - 500g,3.65,7.3,"['Fruits & Légumes', 'Natoora le Primeur', 'Légumes, Salades et Herbes']",Natoora,True,False,false,1.0,WEEK,500g,[],https://courses.monoprix.fr/images-v3/0c44253f-c4a3-4340-9d37-d41e42b9d14a/9b24ece0-063c-45c9-b7d9-e6fe765da76b/300x300.jpg
Fruits & Légumes,0ae57b23-21e9-48b8-a7b7-96ead7725b97,MPX_2714058,Alvalle Soupe  Froide 1 L,4.49,4.49,"['Fruits & Légumes', 'Soupes & Purées', 'Soupes Froides']",Alvalle,True,False,false,3.0,WEEK,1L,['Produit vegan'],https://courses.monoprix.fr/images-v3/0c44253f-c4a3-4340-9d37-d41e42b9d14a/c4e0638d-881a-42d6-a05b-ceb779940671/300x300.jpg
Fruits & Légumes,357afb1d-3afd-42e1-8275-daace0b7b07d,MPX_1815913,Monoprix Grenade barquette 120g,2.9,24.17,"['Fruits & Légumes', 'Fruits Frais', 'Fruits Exotiques']",Monoprix,True,False,false,1.0,DAY,120g,[],https://courses.monoprix.fr/images-v3/0c44253f-c4a3-4340-9d37-d41e42b9d14a/b1c252b5-fb2e-4a84-bc60-15336cc096cb/300x300.jpg
Fruits & Légumes,18deeb3b-08d6-4555-b3f5-66edc763b749,MPX_3441656,Tropicana Pur Jus Frais d'Orange Sanguinello la Bouteille de 90cl,4.69,5.21,"['Fruits & Légumes', 'Jus Frais & Smoothies', ""Jus d'Orange""]",Tropicana,True,False,false,1.0,WEEK,90cl,[],https://courses.monoprix.fr/images-v3/0c44253f-c4a3-4340-9d37-d41e42b9d14a/06dd58bf-3098-4528-a8d2-c15ff023efca/300x300.jpg
Fruits & Légumes,244c7e88-732f-47e0-8d68-b55603feff8b,MPX_1817569,Andros Jus De Pamplemousse 1 L,4.45,4.45,"['Fruits & Légumes', 'Jus Frais & Smoothies', 'Autres Jus de Fruits']",Andros,True,False,false,4.0,WEEK,1L,[],https://courses.monoprix.fr/images-v3/0c44253f-c4a3-4340-9d37-d41e42b9d14a/9d9ff3bc-83f3-4bb8-823c-13f67dd3c6a2/300x300.jpg
Fruits & Légumes,11ba638c-ee99-424d-b433-d126a3992a70,MPX_2187050,Innocent jus d'orange sans pulpe le pot de 900ml,2.99,3.32,"['Fruits & Légumes', 'Jus Frais & Smoothies', ""Jus d'Orange""]",Innocent,True,False,false,1.0,WEEK,90cl,[],https://courses.monoprix.fr/images-v3/0c44253f-c4a3-4340-9d37-d41e42b9d14a/3eb9b420-3d12-482a-a0fa-a849c5a29735/300x300.jpg
Fruits & Légumes,2574b54a-d558-4917-bae2-85825a7f799f,MPX_2187053,Innocent jus pomme & framboise la bouteille de 900ml,3.29,3.66,"['Fruits & Légumes', 'Jus Frais & Smoothies', 'Jus de Pomme']",Innocent,True,False,false,1.0,WEEK,90cl,[],https://courses.monoprix.fr/images-v3/0c44253f-c4a3-4340-9d37-d41e42b9d14a/a32d3195-eac3-4f58-abb0-acec82a60ad8/300x300.jpg
Fruits & Légumes,3272f393-8eec-4540-99ea-d6beec0f9af3,MPX_2307207,Coriandre barquette 20g,1.69,1.69,"['Produits du monde', 'Oriental', 'Epices et herbes']",JDM,True,False,false,2.0,DAY,,"['Produit végétarien', 'Produit vegan']",https://courses.monoprix.fr/images-v3/0c44253f-c4a3-4340-9d37-d41e42b9d14a/76bb5a8a-0d5c-4e5e-a53a-87c5bcd5482e/300x300.jpg
Fruits & Légumes,627c3f30-ee9e-493c-aef8-68ff710a83f7,MPX_6577468,Fruits de la Passion x3,2.79,0.93,"['Fruits & Légumes', 'Fruits Frais', 'Fruits Exotiques']",-,True,False,false,2.0,DAY,3 par pack,[],https://courses.monoprix.fr/images-v3/0c44253f-c4a3-4340-9d37-d41e42b9d14a/ddb1e740-826a-415e-9259-c59baff1a298/300x300.jpg
Fruits & Légumes,17806145-159f-4197-856b-818121522a0e,MPX_3487335,Bonduelle épinard 90g,2.29,25.44,"['Fruits & Légumes', 'Légumes Frais', 'Salades, Endives, Asperges et Artichauts', 'Salade']",Bonduelle,True,False,false,2.0,DAY,90g,['Produit vegan'],https://courses.monoprix.fr/images-v3/0c44253f-c4a3-4340-9d37-d41e42b9d14a/94c5f548-e24d-4f17-bd65-7c163ff64f3a/300x300.jpg
Fruits & Légumes,a01333ef-0af5-42d5-9a72-1c8c8e872900,MPX_3440732,Priméale Gourmet Pomme de Terre Raclette Minute 500g,2.0,4.0,"['Fruits & Légumes', 'Légumes Frais', 'Pommes de terre et Carottes', 'Pommes de terre']",Priméale Gourmet,True,False,false,2.0,DAY,500g,[],https://courses.monoprix.fr/images-v3/0c44253f-c4a3-4340-9d37-d41e42b9d14a/485bfa81-f382-4f3f-b3f0-905fb88ffef8/300x300.jpg
Fruits & Légumes,91e8c23f-4089-4e22-adad-80e8a95035f1,MPX_1760007,Céleri Branche 1 Pièce,2.79,3.49,"['Fruits & Légumes', 'Légumes Frais', 'Navets, Céleri et Fenouil', 'Céleri']",Monoprix,True,False,false,2.0,DAY,800g,[],https://courses.monoprix.fr/images-v3/0c44253f-c4a3-4340-9d37-d41e42b9d14a/756a2908-8e2d-430d-8b7c-056f252aee9d/300x300.jpg
Fruits & Légumes,b7a00c57-f629-4f0b-b4c0-4dfa43227599,MPX_2441402,Poireau Bio 750g,4.99,6.65,"['Fruits & Légumes', 'Légumes Frais', 'Légumes Bio']",-,True,False,false,2.0,DAY,750g,['Produit bio'],https://courses.monoprix.fr/images-v3/0c44253f-c4a3-4340-9d37-d41e42b9d14a/6d0253e9-7f19-4571-9063-e064b84cf6a2/300x300.jpg
Fruits & Légumes,f9516c76-7144-48ba-893f-bbd48b9c1350,MPX_1951659,Florette purée de courgette 2x200g,3.49,8.73,"['Fruits & Légumes', 'Soupes & Purées', 'Purées Fraîches']",Florette,True,False,false,1.0,WEEK,2 x 200g,[],https://courses.monoprix.fr/images-v3/0c44253f-c4a3-4340-9d37-d41e42b9d14a/7811c87e-09c1-435e-9e81-59831ff526b6/300x300.jpg
Fruits & Légumes,4e5fdec9-12f4-46b1-adf6-d9820f88243e,MPX_1834131,Monoprix Pruneaux d'Agen Géants Dénoyautés 500g,5.99,11.98,"['Fruits & Légumes', 'Fruits Secs & Graines', 'Pruneaux, Raisins et Autres Fruits Secs']",Monoprix,True,False,false,2.0,MONTH,500g,[],https://courses.monoprix.fr/images-v3/0c44253f-c4a3-4340-9d37-d41e42b9d14a/8b527440-510a-4471-80d3-8c7b65960d05/300x300.jpg
Fruits & Légumes,81bc903f-3b5d-4601-af17-74c912d445d8,MPX_1687154,Ail Violet x3,3.99,1.33,"['Fruits & Légumes', 'Légumes Frais', 'Ail, Oignons et Echalotes', 'Ail']",Monoprix,True,False,false,1.0,WEEK,3 par pack,[],https://courses.monoprix.fr/images-v3/0c44253f-c4a3-4340-9d37-d41e42b9d14a/ae165721-bc4b-4dd9-9de4-a9bd22eda571/300x300.jpg
Fruits & Légumes,98e6fb8d-21e7-4d3b-9dcc-f6c314c4cc1c,MPX_6574794,Natoora Gingembre - 200gr,1.99,9.95,"['Fruits & Légumes', 'Natoora le Primeur', 'Légumes, Salades et Herbes']",Natoora,True,False,false,2.0,DAY,200g,[],https://courses.monoprix.fr/images-v3/0c44253f-c4a3-4340-9d37-d41e42b9d14a/fabd3dbe-b2e5-4459-b9ba-d69bf5de2105/300x300.jpg
Fruits & Légumes,0c44ada2-72d4-497b-8fdd-cfabcaedd813,MPX_3510821,"Innocent Jus d'Orange Sans Pulpe 1,5L",4.29,2.86,"['Fruits & Légumes', 'Jus Frais & Smoothies', ""Jus d'Orange""]",Innocent,True,False,false,1.0,WEEK,1.5L,[],https://courses.monoprix.fr/images-v3/0c44253f-c4a3-4340-9d37-d41e42b9d14a/11e65098-e063-4ec5-952d-404fca33acf6/300x300.jpg
Fruits & Légumes,18f131bd-24e3-496a-bb56-3fb0b5077cfb,MPX_80051,Florette chou rouge râpé 250g,1.79,7.16,"['Fruits & Légumes', 'Légumes Frais', 'Légumes de saison']",Florette,True,False,false,2.0,DAY,250g,[],https://courses.monoprix.fr/images-v3/0c44253f-c4a3-4340-9d37-d41e42b9d14a/63b609a3-23af-411f-9695-5da5c6205f20/300x300.jpg
Fruits & Légumes,d7cb5b4c-0624-4980-8b83-7a119501b802,MPX_2261481,Greenshoot Soupe Courgette Parmesan & Noisettes 1 L,5.79,5.79,"['Fruits & Légumes', 'Soupes & Purées', 'Soupes à réchauffer']",Greenshoot,True,False,false,1.0,WEEK,1L,[],https://courses.monoprix.fr/images-v3/0c44253f-c4a3-4340-9d37-d41e42b9d14a/6f2f1fe2-44f7-4ca3-a98a-909a56ee5a8f/300x300.jpg
Fruits & Légumes,2aae5175-938c-4f2a-80b3-3ca923a80041,MPX_889848,Coeur de Sucrine x6,2.99,2.99,"['Fruits & Légumes', 'Prêts à consommer', 'Salades']",-,True,False,false,2.0,DAY,,[],https://courses.monoprix.fr/images-v3/0c44253f-c4a3-4340-9d37-d41e42b9d14a/01ecc078-0843-4818-bb13-e0e7982b7bcb/300x300.jpg
Fruits & Légumes,8f0072f1-5d4e-4b36-b787-94d82cedd704,MPX_3960062,Natoora Aubergine Noire Gros calibre CAT:I 340g,2.75,8.09,"['Fruits & Légumes', 'Légumes Frais', 'Aubergines, Courgettes et Poivrons', 'Aubergine']",Natoora,True,False,false,4.0,DAY,340g,[],https://courses.monoprix.fr/images-v3/0c44253f-c4a3-4340-9d37-d41e42b9d14a/44989943-267d-415f-a5a5-d87f311e3292/300x300.jpg
Fruits & Légumes,6472e8d4-7d45-44c1-b4cd-c453ff42e9f7,MPX_2261485,"Ferme D'Anchin potage bio petit pois, brocoli courgette 985ml",4.99,5.07,"['Fruits & Légumes', 'Soupes & Purées', 'Soupes à réchauffer']",Les recettes ferme d'anchin,True,False,false,1.0,WEEK,985ml,['Produit bio'],https://courses.monoprix.fr/images-v3/0c44253f-c4a3-4340-9d37-d41e42b9d14a/d1b20879-ff0a-4e98-91a1-d51c1840020f/300x300.jpg
Fruits & Légumes,9af20e05-3634-4833-9d5a-e2e7a8ae2736,MPX_3441647,Tropicana Jus Frais de Pomme Pressée la Bouteille de 90cl,3.39,3.77,"['Fruits & Légumes', 'Jus Frais & Smoothies', 'Jus de Pomme']",Tropicana,True,False,false,1.0,WEEK,90cl,[],https://courses.monoprix.fr/images-v3/0c44253f-c4a3-4340-9d37-d41e42b9d14a/911c4291-64a3-4d1f-8bc0-1b6402ea5d77/300x300.jpg
Fruits & Légumes,5ec2d019-7aad-4935-abfc-84c4e0ce339c,MPX_1596740,Monoprix ananas en morceaux cueilli à maturité 200g,2.79,13.95,"['Fruits & Légumes', 'Fruits Frais', 'Fruits découpés']",Monoprix,True,False,false,1.0,DAY,200g,[],https://courses.monoprix.fr/images-v3/0c44253f-c4a3-4340-9d37-d41e42b9d14a/d2be1b0b-0f0f-45c8-b588-9b5914a8b78e/300x300.jpg
Fruits & Légumes,780b7879-846e-4dfa-a7a0-e86cdfb7c580,MPX_1641358,Mangue Kent x2,3.99,5.25,"['Fruits & Légumes', 'Fruits Frais', 'Fruits Exotiques']",Monoprix,True,False,false,2.0,DAY,760g,[],https://courses.monoprix.fr/images-v3/0c44253f-c4a3-4340-9d37-d41e42b9d14a/95faa946-0fb3-4077-96b7-dbe2a8e85858/300x300.jpg
Fruits & Légumes,f01c1b08-3b7f-461c-be5f-ba67fbea6301,MPX_80114,Monoprix Courge en Tranche 1kg,2.89,2.89,"['Fruits & Légumes', 'Légumes Frais', 'Légumes de saison']",Monoprix,True,False,false,2.0,DAY,1,[],https://courses.monoprix.fr/images-v3/0c44253f-c4a3-4340-9d37-d41e42b9d14a/f67fc40d-b432-4a3e-b41c-e2bc419aaf55/300x300.jpg
Fruits & Légumes,6a8bc4b6-1e47-41e2-ba07-6f3850abac96,MPX_1893883,Bonduelle jeunes pousses de batavia laitue rouge et laitue verte 145g,2.39,16.48,"['Fruits & Légumes', 'Prêts à consommer', 'Salades']",Bonduelle,True,False,false,2.0,DAY,145g,"['Produit végétarien', 'Produit vegan']",https://courses.monoprix.fr/images-v3/0c44253f-c4a3-4340-9d37-d41e42b9d14a/3ea7bb29-0907-4115-ad75-9a0ca964fa8d/300x300.jpg
Fruits & Légumes,d94d13c5-fa03-4222-98a6-b824ca774130,MPX_3960050,Natoora Navet violet,2.25,4.5,"['Fruits & Légumes', 'Natoora le Primeur', 'Légumes, Salades et Herbes']",Natoora,True,False,false,4.0,DAY,500g,[],https://courses.monoprix.fr/images-v3/0c44253f-c4a3-4340-9d37-d41e42b9d14a/7a4ce3da-eaac-4c27-a8a6-1ca77e7c584e/300x300.jpg
Fruits & Légumes,62692f04-b637-42db-af42-e39da1cf5bd9,MPX_2046750,"Pomme de Terre de Consommation Spécial Frite 2,5kg",2.75,1.1,"['Fruits & Légumes', 'Légumes Frais', 'Pommes de terre et Carottes', 'Pommes de terre']",Monoprix,True,False,false,4.0,DAY,2.5kg,[],https://courses.monoprix.fr/images-v3/0c44253f-c4a3-4340-9d37-d41e42b9d14a/59b8936c-8b17-41f5-9ee2-b7949c2b9837/300x300.jpg
Fruits & Légumes,431a39bd-3b70-4cdf-93ce-16fa781666d2,MPX_80048,Florette les carottes râpées 250g,1.79,7.16,"['Fruits & Légumes', 'Prêts à consommer', 'Crudités']",Florette,True,False,false,2.0,DAY,250g,[],https://courses.monoprix.fr/images-v3/0c44253f-c4a3-4340-9d37-d41e42b9d14a/55f019d3-dd87-45e5-a382-b9fd45b86eb4/300x300.jpg
Fruits & Légumes,7fa167ad-8f87-4883-a76e-804f9b62396a,MPX_1037124,Seeberger Noix De Cajou Naturelle 200G,5.99,29.95,"['Epicerie Sucrée', 'Céréale et Barre', 'Fruits Secs et Graines', 'Amandes, Noix et Autres Fruits à Coques']",Seeberger,True,False,false,2.0,MONTH,200g,[],https://courses.monoprix.fr/images-v3/0c44253f-c4a3-4340-9d37-d41e42b9d14a/039b2004-f0e8-46b8-a407-609769eeadfa/300x300.jpg
Fruits & Légumes,d9147282-5fbb-48e1-94b0-ba935faf12b4,MPX_1817572,"Andros 100% pur jus d'oranges pressées 1,5L",4.79,3.19,"['Fruits & Légumes', 'Jus Frais & Smoothies', ""Jus d'Orange""]",ANDROS,True,False,false,2.0,WEEK,1.5L,[],https://courses.monoprix.fr/images-v3/0c44253f-c4a3-4340-9d37-d41e42b9d14a/1da1e01f-0435-4713-b73a-12777e3b27ed/300x300.jpg
Fruits & Légumes,b7d016f7-68bf-4b0e-b223-08d20bf2c3bf,MPX_3955094,Échalote traditionnelle Bio 250g,1.99,7.96,"['Fruits & Légumes', 'Légumes Frais', 'Ail, Oignons et Echalotes', 'Echalote']",DANIEL CADIOU,True,False,false,1.0,WEEK,250g,['Produit bio'],https://courses.monoprix.fr/images-v3/0c44253f-c4a3-4340-9d37-d41e42b9d14a/ff4c9355-ce8f-48d8-af2e-851138ec23a7/300x300.jpg
Fruits & Légumes,4f3d40ab-6f9c-466b-af5f-accc361513a9,MPX_2787170,C'Zon petit pois écossés 250g,4.95,19.8,"['Fruits & Légumes', 'Légumes Frais', 'Petits Légumes Verts']",C'zon,True,False,false,2.0,DAY,250g,"['Produit végétarien', 'Produit vegan']",https://courses.monoprix.fr/images-v3/0c44253f-c4a3-4340-9d37-d41e42b9d14a/7d9ab38d-d1b0-4fe9-8ed1-67f1c1575990/300x300.jpg
Fruits & Légumes,2e487784-2ef6-421f-b588-3db31d734a23,MPX_3441654,Tropicana Pur Jus Frais d'Orange Avec Pulpe la Bouteille de 90cl,3.09,3.43,"['Fruits & Légumes', 'Jus Frais & Smoothies', ""Jus d'Orange""]",TROPICANA,True,False,false,1.0,WEEK,90cl,['Produit végétarien'],https://courses.monoprix.fr/images-v3/0c44253f-c4a3-4340-9d37-d41e42b9d14a/02c65e0b-ac6e-4e2c-9a17-50d6a219054e/300x300.jpg
Fruits & Légumes,4e344408-9558-425c-9d94-768b82b68109,MPX_1864645,Florette epinard à cuire 300g,3.99,13.3,"['Fruits & Légumes', 'Légumes Frais', 'Salades, Endives, Asperges et Artichauts', 'Salade']",Florette,True,False,false,2.0,DAY,300g,[],https://courses.monoprix.fr/images-v3/0c44253f-c4a3-4340-9d37-d41e42b9d14a/bb2d3c99-4adb-4367-8a7c-72b7d35a4298/300x300.jpg
Fruits & Légumes,36969fe0-da8f-46b2-a08b-029bfda86ee8,MPX_2022083,Pomme de Terre Charlotte de Picardie 2kg,3.99,2.0,"['Fruits & Légumes', 'Légumes Frais', 'Pommes de terre et Carottes', 'Pommes de terre']",Monoprix,True,False,false,2.0,DAY,2kg,[],https://courses.monoprix.fr/images-v3/0c44253f-c4a3-4340-9d37-d41e42b9d14a/7acd419e-bc3f-4715-ad05-a8df746a9fce/300x300.jpg
Fruits & Légumes,a467b6f7-30ed-468d-9f4b-d9ef559db4c0,MPX_4078475,"Ferme d Anchin Soupe aux 8 Légumes Bio 30% de Sel Réduit 98,5cl",4.99,5.07,"['Fruits & Légumes', 'Soupes & Purées', 'Soupes à réchauffer']",Les recettes ferme d'anchin,True,False,false,1.0,WEEK,985ml,['Produit bio'],https://courses.monoprix.fr/images-v3/0c44253f-c4a3-4340-9d37-d41e42b9d14a/e4bd6134-6fdf-43d2-85b4-cc32536c1a6d/300x300.jpg
Fruits & Légumes,46dd3eaf-8692-4db8-995c-9bd01f6345a1,MPX_2106886,"Pomme de Terre Four Potage 2,5kg",3.99,1.6,"['Fruits & Légumes', 'Légumes Frais', 'Pommes de terre et Carottes', 'Pommes de terre']",Monoprix,True,False,false,2.0,DAY,2.5kg,[],https://courses.monoprix.fr/images-v3/0c44253f-c4a3-4340-9d37-d41e42b9d14a/0a12c8ec-2463-46f2-a5e5-53fd5cb3a759/300x300.jpg
Fruits & Légumes,05a17911-6183-4664-8095-bfedffd039cd,MPX_2396488,L'atelier Blini Olives à l'Andalouse Lupin Piment Jalapeno & Romarin  150g,3.39,22.6,"['Fruits & Légumes', 'Prêts à consommer', 'Olives et Tapenades']",Atelier blini,True,False,false,2.0,WEEK,150g,[],https://courses.monoprix.fr/images-v3/0c44253f-c4a3-4340-9d37-d41e42b9d14a/f03a87be-df94-496d-a9f7-ea7839d0d454/300x300.jpg
Fruits & Légumes,fe41473d-6a99-417e-9b51-3902e2cc38d9,MPX_808910,Monoprix Tous Cultiv'Acteurs Pomme de Terre Grenaille 1kg,3.49,3.49,"['Fruits & Légumes', 'Monoprix Tous Cultiv’Acteurs', 'Légumes']",Monoprix Tous Cultiv'Acteurs,True,False,false,4.0,DAY,1kg,[],https://courses.monoprix.fr/images-v3/0c44253f-c4a3-4340-9d37-d41e42b9d14a/d0e7b003-d732-4a3a-8874-9af265922a9d/300x300.jpg
Fruits & Légumes,3cfe1f72-7f87-4afb-a5c6-7868f5b5312c,MPX_3441651,Tropicana Jus Frais Multivitamines la Bouteille de 90cl,3.65,4.06,"['Fruits & Légumes', 'Jus Frais & Smoothies', 'Jus Multifruits']",Tropicana,True,False,false,1.0,WEEK,90cl,[],https://courses.monoprix.fr/images-v3/0c44253f-c4a3-4340-9d37-d41e42b9d14a/ccca3911-b367-4322-90d8-bd6faa2baf3d/300x300.jpg
Fruits & Légumes,2ac116b0-0963-48d3-9bf4-29d88db65a28,MPX_3960045,Natoora Salade Batavia Verte - CAT:I - 1 pièce,2.59,2.59,"['Fruits & Légumes', 'Natoora le Primeur', 'Légumes, Salades et Herbes']",Natoora,True,False,false,3.0,DAY,,[],https://courses.monoprix.fr/images-v3/0c44253f-c4a3-4340-9d37-d41e42b9d14a/908b6dec-76d6-4b71-b931-aecf9080095f/300x300.jpg
Fruits & Légumes,d7c1ca03-a8f8-408d-8949-4d0f1d5e0b44,MPX_1432896,Monoprix Bio Courgette 1kg,4.99,4.99,"['Fruits & Légumes', 'Légumes Frais', 'Aubergines, Courgettes et Poivrons', 'Courgette']",Monoprix Bio,True,False,false,2.0,DAY,1kg,['Produit bio'],https://courses.monoprix.fr/images-v3/0c44253f-c4a3-4340-9d37-d41e42b9d14a/6e263903-3cdc-4922-a14c-0a21c4d168b5/300x300.jpg
Fruits & Légumes,8a4df9ab-2c0b-4af1-8e8d-509bc8e7bb2b,MPX_2712060,Monoprix Bio Châtaignes entières pelées au feu 210g,6.15,29.29,"['Bio', 'Fruit et Légume bio', 'Légume frais bio']",Monoprix Bio,True,False,false,6.0,MONTH,210g,['Produit bio'],https://courses.monoprix.fr/images-v3/0c44253f-c4a3-4340-9d37-d41e42b9d14a/980522ab-d0a6-411c-bd23-dc1dd53e9305/300x300.jpg
Fruits & Légumes,2ebf15f1-3567-45e6-9588-a8b814f4f91f,MPX_2307205,Jardin Du Midi Basilic 20g,1.69,84.5,"['Fruits & Légumes', 'Légumes Frais', 'Herbes Aromatiques et Epices']",Jardin Du Midi,True,False,false,1.0,DAY,20g,[],https://courses.monoprix.fr/images-v3/0c44253f-c4a3-4340-9d37-d41e42b9d14a/9de8e3c0-7294-45e0-896c-033d5f0361b5/300x300.jpg
Fruits & Légumes,0c993851-30ba-472f-b818-24474305e268,MPX_2737291,Clémentine Baluchon 1.5kg,5.99,3.99,"['Fruits & Légumes', 'Fruits Frais', 'Agrumes', 'Clémentine']",-,True,False,false,2.0,DAY,1.5kg,[],https://courses.monoprix.fr/images-v3/0c44253f-c4a3-4340-9d37-d41e42b9d14a/6a8652aa-e79b-4683-976c-35823d34924f/300x300.jpg
Fruits & Légumes,09ddb244-106c-4a24-8dd7-4251167d6afd,MPX_1684369,Monoprix Tous Cultiv'Acteurs Pomme Golden x4 Catégorie 1,2.99,0.75,"['Fruits & Légumes', 'Monoprix Tous Cultiv’Acteurs', 'Fruits']",MONOPRIX,True,False,false,3.0,DAY,4 par pack,[],https://courses.monoprix.fr/images-v3/0c44253f-c4a3-4340-9d37-d41e42b9d14a/9b8c4671-5272-4a86-9a07-8916b665ed14/300x300.jpg
Fruits & Légumes,675f872e-f470-45f2-8696-1c6846cfef72,MPX_3045533,Innocent jus myrtille cassis pomme cranberry la bouteille de 90cl,3.29,3.66,"['Fruits & Légumes', 'Jus Frais & Smoothies', 'Jus de Cranberry et de Grenade']",Innocent,True,False,false,1.0,WEEK,900ml,[],https://courses.monoprix.fr/images-v3/0c44253f-c4a3-4340-9d37-d41e42b9d14a/25be3780-3de0-4258-8def-99063bbd4e17/300x300.jpg
Fruits & Légumes,f4e988bb-2a49-4d62-9ea8-6ce1614ebe71,MPX_1596742,Monoprix ananas mangue cueillis à maturité 250g,3.99,15.96,"['Fruits & Légumes', 'Fruits Frais', 'Fruits découpés']",Monoprix,True,False,false,1.0,DAY,250g,[],https://courses.monoprix.fr/images-v3/0c44253f-c4a3-4340-9d37-d41e42b9d14a/682ebc65-a744-4853-b873-4f43537b2b8b/300x300.jpg
Fruits & Légumes,2399382a-de87-4dab-b0b7-f6fc60f668dd,MPX_6103245,Maître Prunille Amandes grillées sans sel 250g,4.95,19.8,"['Epicerie Salée', 'Produit apéritif', 'Cacahuète, Noix, Amande et Pistache', 'Amande et Pistache']",Maître Prunille,True,False,false,2.0,MONTH,250g,[],https://courses.monoprix.fr/images-v3/0c44253f-c4a3-4340-9d37-d41e42b9d14a/55b3617d-6ef1-4f0b-82fa-926f17e79eeb/300x300.jpg
Fruits & Légumes,42f8e0f2-25c9-4fab-b6aa-8da1167e7d9d,MPX_2496189,Persil Plat 20g,1.69,1.69,"['Fruits & Légumes', 'Prêts à consommer', 'Herbes Aromatiques et Epices']",Jardin Du Midi,True,False,false,1.0,DAY,,[],https://courses.monoprix.fr/images-v3/0c44253f-c4a3-4340-9d37-d41e42b9d14a/b1347794-2712-4f4d-9236-884e1a4fb09d/300x300.jpg
Fruits & Légumes,2a107de9-21e4-4232-b041-8fdcfbcf38f2,MPX_3379843,Monoprix Bio mâche et roquette 100g,2.49,24.9,"['Bio', 'Fruit et Légume bio', 'Légume frais bio']",Monoprix Bio,True,False,false,2.0,DAY,100g,['Produit bio'],https://courses.monoprix.fr/images-v3/0c44253f-c4a3-4340-9d37-d41e42b9d14a/9034b8c1-449f-44bb-b126-ca6fce2f2368/300x300.jpg
Fruits & Légumes,4baafc8d-c02c-4d17-b607-9acb880f6e2d,MPX_2007463,Bonduelle feuille de chêne bio 100g,1.89,18.9,"['Bio', 'Fruit et Légume bio', 'Légume frais bio']",Bonduelle,True,False,false,2.0,DAY,100g,"['Produit vegan', 'Produit bio']",https://courses.monoprix.fr/images-v3/0c44253f-c4a3-4340-9d37-d41e42b9d14a/c2224ae7-df53-4991-936b-8f179d276007/300x300.jpg
Fruits & Légumes,6b4640dd-004e-4fd9-8bd6-fd0789820c2f,MPX_966418,Florette coriandre 11g,1.99,180.91,"['Fruits & Légumes', 'Légumes Frais', 'Herbes Aromatiques et Epices']",Florette,True,False,false,1.0,DAY,11g,[],https://courses.monoprix.fr/images-v3/0c44253f-c4a3-4340-9d37-d41e42b9d14a/2a8639c9-b159-45ea-b15d-ca476a0d8a32/300x300.jpg
Fruits & Légumes,6951fd76-8760-406d-936b-db7f8f5021a4,MPX_80039,Florette ciboulette déjà lavée 11g,1.99,180.91,"['Fruits & Légumes', 'Légumes Frais', 'Herbes Aromatiques et Epices']",Florette,True,False,false,1.0,DAY,11g,[],https://courses.monoprix.fr/images-v3/0c44253f-c4a3-4340-9d37-d41e42b9d14a/4baaeb24-ebd6-4e7a-bb0d-a341b3370345/300x300.jpg
Fruits & Légumes,f82b63cb-ab46-4ad1-9796-95e7b65bce39,MPX_3405406,Pommes de terre entières sans peau 370g Fraîchement Cuit,2.65,7.16,"['Fruits & Légumes', 'Légumes Frais', 'Pommes de terre et Carottes', 'Pommes de terre']",Fraîchement Cuit ,True,False,false,1.0,WEEK,370g,"['Produit végétarien', 'Produit vegan']",https://courses.monoprix.fr/images-v3/0c44253f-c4a3-4340-9d37-d41e42b9d14a/811e89e5-063e-4f9d-87fb-c2917463bc69/300x300.jpg
Fruits & Légumes,12555619-0a70-449f-84ff-0b5209848181,MPX_4097562,"Yumi Shot Coup De Foudre Bio Pomme, Gingembre Et Citron 60ml",2.59,43.17,"['Fruits & Légumes', 'Jus Frais & Smoothies', 'Jus Bio']",Yumi,True,False,false,1.0,WEEK,60ml,[],https://courses.monoprix.fr/images-v3/0c44253f-c4a3-4340-9d37-d41e42b9d14a/7e3e5720-e209-4dcc-89af-45cd7eacdd0a/300x300.jpg
Fruits & Légumes,6a30e1ec-0ed6-41c1-b712-359555470768,MPX_886407,Seeberger Abricots Séchés 200G,3.99,19.95,"['Fruits & Légumes', 'Fruits Secs & Graines', 'Pruneaux, Raisins et Autres Fruits Secs']",Seeberger,True,False,false,2.0,MONTH,200g,[],https://courses.monoprix.fr/images-v3/0c44253f-c4a3-4340-9d37-d41e42b9d14a/0de04aef-73a4-4d8d-b849-044ddef0de9e/300x300.jpg
Fruits & Légumes,a9d1c18d-d393-48bc-9bbd-ae7ec0ba12b8,MPX_2936669,"Pomme de Terre Vapeur et Salade Bio 1,5kg",4.79,3.19,"['Fruits & Légumes', 'Fruits & Légumes Bio', 'Légumes Frais Bio']",BIO,True,False,false,5.0,DAY,1.5kg,['Produit bio'],https://courses.monoprix.fr/images-v3/0c44253f-c4a3-4340-9d37-d41e42b9d14a/e0f853ed-f385-4db7-b553-9c02a8017c74/300x300.jpg
Fruits & Légumes,77b46055-c214-4fd7-89bf-2a4db5938d53,MPX_142226,Bonduelle coeur de laitue feuilles délicates et croquantes 160g,2.35,13.06,"['Fruits & Légumes', 'Prêts à consommer', 'Salades']",Bonduelle,True,False,false,2.0,DAY,180g,['Produit vegan'],https://courses.monoprix.fr/images-v3/0c44253f-c4a3-4340-9d37-d41e42b9d14a/07d1d01f-f58c-4a1d-ae66-84f273350643/300x300.jpg
Fruits & Légumes,f66ffd97-9526-4766-8395-b2968ceefe90,MPX_1834128,Monoprix Bio Raisins Secs Sachet de 250g,2.99,11.96,"['Bio', 'Fruit et Légume bio', 'Fruit sec bio']",Monoprix Bio,True,False,false,2.0,MONTH,250g,['Produit bio'],https://courses.monoprix.fr/images-v3/0c44253f-c4a3-4340-9d37-d41e42b9d14a/14248b74-1e1b-4738-9891-bda229baafe2/300x300.jpg
Fruits & Légumes,b2a094f3-df55-4099-a330-01f130686d30,MPX_5033113,Florette Mâche Bio 80g,1.99,24.88,"['Bio', 'Fruit et Légume bio', 'Légume frais bio']",Florette,True,False,false,3.0,DAY,80g,['Produit bio'],https://courses.monoprix.fr/images-v3/0c44253f-c4a3-4340-9d37-d41e42b9d14a/9bb43e38-5ed9-4366-ae3a-080297a6bef4/300x300.jpg
Fruits & Légumes,0a34c531-60b7-4b08-922d-0854b87fe30a,MPX_2307206,Monoprix Ciboulette 20g,1.69,1.69,"['Fruits & Légumes', 'Légumes Frais', 'Herbes Aromatiques et Epices', 'Ciboulette']",Monoprix,True,False,false,1.0,DAY,,[],https://courses.monoprix.fr/images-v3/0c44253f-c4a3-4340-9d37-d41e42b9d14a/1aa5641f-8350-4df1-9f29-805c6d673ee8/300x300.jpg
Fruits & Légumes,d2721b73-6da1-4b50-be84-487b2e64a258,MPX_2021261,Monoprix mangue en morceaux 300g,4.79,15.97,"['Fruits & Légumes', 'Fruits Frais', 'Fruits découpés']",Monoprix,True,False,false,1.0,DAY,300g,[],https://courses.monoprix.fr/images-v3/0c44253f-c4a3-4340-9d37-d41e42b9d14a/c0faa3d4-b974-48a3-9ebe-8bd443c67dfa/300x300.jpg
Fruits & Légumes,8cbf159e-d68a-404a-9e2f-b4ff2f23607b,MPX_122562,Florette champignons de paris émincés 250g,3.99,15.96,"['Fruits & Légumes', 'Prêts à consommer', 'Crudités']",Florette,True,False,false,1.0,DAY,250g,[],https://courses.monoprix.fr/images-v3/0c44253f-c4a3-4340-9d37-d41e42b9d14a/948db2e8-e7e3-4de7-8528-07c22602df7c/300x300.jpg
Fruits & Légumes,c9c54877-194c-4a2a-8f62-b911e8f29042,MPX_2008282,Innocent smoothie à la fraise banane la bouteille de 75cl,4.19,5.59,"['Fruits & Légumes', 'Jus Frais & Smoothies', 'Smoothies']",Innocent,True,False,false,1.0,WEEK,750ml,[],https://courses.monoprix.fr/images-v3/0c44253f-c4a3-4340-9d37-d41e42b9d14a/a7f82079-900d-4a02-be04-367a04d362d8/300x300.jpg
Fruits & Légumes,3e38b915-d6f8-4c0a-a892-e987af5f316a,MPX_5673152,Monoprix Coeur de Frisée 200g,1.99,9.95,"['Fruits & Légumes', 'Prêts à consommer', 'Salades']",Monoprix,True,False,false,1.0,DAY,200g,[],https://courses.monoprix.fr/images-v3/0c44253f-c4a3-4340-9d37-d41e42b9d14a/e143e319-f785-4c86-87e8-121e11df306a/300x300.jpg
Fruits & Légumes,75e30ff4-b692-4be0-b121-187ffd2be18e,MPX_570268,Monoprix Bio Chou Fleur Bio 1 Pièce,3.49,3.49,"['Fruits & Légumes', 'Légumes Frais', 'Choux et Poireaux', 'Chou']",Monoprix Bio,True,False,false,2.0,DAY,,['Produit bio'],https://courses.monoprix.fr/images-v3/0c44253f-c4a3-4340-9d37-d41e42b9d14a/f817d463-76da-45c9-aade-da6d2932ba60/300x300.jpg
Fruits & Légumes,cf899473-b3f2-436c-905c-bf178eb04100,MPX_80050,Florette chou blanc 250g,1.79,7.16,"['Fruits & Légumes', 'Légumes Frais', 'Légumes de saison']",Florette,True,False,false,2.0,DAY,250g,[],https://courses.monoprix.fr/images-v3/0c44253f-c4a3-4340-9d37-d41e42b9d14a/f588d8eb-9799-4603-9e97-95e1124828ac/300x300.jpg
Fruits & Légumes,65077c6f-ff5b-405e-839e-3d3f0286cf20,MPX_2336249,L'atelier Blini Olives à la Méditerranéenne Ail & Fines Herbes 150g,3.79,25.27,"['Fruits & Légumes', 'Prêts à consommer', 'Olives et Tapenades']",Atelier Blini,True,False,false,2.0,WEEK,150g,[],https://courses.monoprix.fr/images-v3/0c44253f-c4a3-4340-9d37-d41e42b9d14a/a640261a-2ba3-40e6-aac5-5f89bb5486f8/300x300.jpg
Fruits & Légumes,16218af5-095c-4fdd-87a1-5e0fb3f7fc52,MPX_1951664,Florette ecrasé de pommes de terre et carottes 2x200g,3.59,8.98,"['Fruits & Légumes', 'Soupes & Purées', 'Purées Fraîches']",Florette,True,False,false,1.0,WEEK,2 x 200g,[],https://courses.monoprix.fr/images-v3/0c44253f-c4a3-4340-9d37-d41e42b9d14a/95585eb2-4ef4-4d68-8d82-928545cdcedf/300x300.jpg
Fruits & Légumes,38282827-423a-41a0-b618-12f67c3eb4c5,MPX_966114,Banane Frécinette 330g,3.99,3.99,"['Fruits & Légumes', 'Fruits Frais', 'Bananes et Kiwis', 'Banane']",Monoprix,True,False,false,4.0,DAY,,[],https://courses.monoprix.fr/images-v3/0c44253f-c4a3-4340-9d37-d41e42b9d14a/6814060b-9f8f-4673-845e-aa4adb56cc85/300x300.jpg
Fruits & Légumes,87c6b5f1-7066-41c2-a512-459afc7be83a,MPX_808909,"Monoprix Tous Cultiv'Acteurs Pomme De Terre Rouge 1,5Kg",3.49,2.33,"['Fruits & Légumes', 'Monoprix Tous Cultiv’Acteurs', 'Légumes']",Monoprix Tous Cultiv'Acteurs,True,False,false,4.0,DAY,1.5kg,[],https://courses.monoprix.fr/images-v3/0c44253f-c4a3-4340-9d37-d41e42b9d14a/4f60a824-b89b-4df1-8f2d-b27da98e1dac/300x300.jpg
Fruits & Légumes,773ccc11-2dc7-4bae-b4c9-d0a905bbefab,MPX_1525843,Salade Cœur de Romaine x2,2.99,2.99,"['Fruits & Légumes', 'Légumes Frais', 'Salades, Endives, Asperges et Artichauts', 'Salade']",-,True,False,false,1.0,DAY,,[],https://courses.monoprix.fr/images-v3/0c44253f-c4a3-4340-9d37-d41e42b9d14a/549e7087-2060-4b8a-9290-fc4c3afaff5c/300x300.jpg
Fruits & Légumes,570f1a56-775d-4a07-ba91-6c5fab5b848e,MPX_3960044,Natoora Radis Rose Botte - CAT:I - 1 Botte,2.99,2.99,"['Fruits & Légumes', 'Natoora le Primeur', 'Légumes, Salades et Herbes']",Natoora,True,False,false,3.0,DAY,,[],https://courses.monoprix.fr/images-v3/0c44253f-c4a3-4340-9d37-d41e42b9d14a/4c0671cc-7b61-4b02-94af-1af6f4a1df41/300x300.jpg
Fruits & Légumes,5da787e3-91e8-4849-a41a-f7ffc9dcd003,MPX_3513335,Florette champignons de paris 130g,2.59,19.92,"['Fruits & Légumes', 'Légumes Frais', 'Champignons']",Florette,True,False,false,1.0,DAY,130g,[],https://courses.monoprix.fr/images-v3/0c44253f-c4a3-4340-9d37-d41e42b9d14a/c9c79dd0-493a-46fa-99a5-f8ee22343ffb/300x300.jpg
Fruits & Légumes,4ff09e45-714c-4da5-a289-6f3f23878f03,MPX_3379844,Monoprix Bio batavia 100g,1.99,19.9,"['Bio', 'Fruit et Légume bio', 'Légume frais bio']",Monoprix Bio,True,False,false,2.0,DAY,100g,['Produit bio'],https://courses.monoprix.fr/images-v3/0c44253f-c4a3-4340-9d37-d41e42b9d14a/ca9aa25c-500c-449a-b90a-c20a5da70bed/300x300.jpg
Fruits & Légumes,7c63ca4a-4ae8-4a1b-98a6-47b12931e0b8,MPX_3510827,Innocent Zest défense 750ml,3.95,5.27,"['Fruits & Légumes', 'Jus Frais & Smoothies', 'Autres Jus de Fruits']",Innocent,True,False,false,2.0,WEEK,750ml,[],https://courses.monoprix.fr/images-v3/0c44253f-c4a3-4340-9d37-d41e42b9d14a/d9b12057-32cc-45df-8d64-c89ecac84d53/300x300.jpg
Fruits & Légumes,3b3572a9-c554-4093-9189-28bb1103b539,MPX_2561545,Kaki Bio 500g,3.99,7.98,"['Fruits & Légumes', 'Fruits Frais', 'Fruits Bio']",-,True,False,false,2.0,DAY,500g,['Produit bio'],https://courses.monoprix.fr/images-v3/0c44253f-c4a3-4340-9d37-d41e42b9d14a/3db07234-f256-4508-b8c3-24de921cac53/300x300.jpg
Fruits & Légumes,be57a2f7-25f9-4580-baa6-c0d5f226bae8,MPX_897486,Seeberger Chips De Bananes En Sachet 150G,1.99,13.27,"['Epicerie Salée', 'Produit apéritif', 'Chips et Biscuit Apéritif', 'Chips']",Seeberger,True,False,false,2.0,MONTH,150g,[],https://courses.monoprix.fr/images-v3/0c44253f-c4a3-4340-9d37-d41e42b9d14a/4e040fbb-364c-4eac-9fa8-f305cce12f01/300x300.jpg
Fruits & Légumes,fb78347a-4e08-46fd-b6eb-dc3e6102961d,MPX_1726612,Framboise Bio 125g,3.99,31.92,"['Fruits & Légumes', 'Fruits Frais', 'Fruits Bio']",Naturalia,True,False,false,2.0,DAY,125g,['Produit bio'],https://courses.monoprix.fr/images-v3/0c44253f-c4a3-4340-9d37-d41e42b9d14a/f7309b64-3be0-45a1-befd-9aa04251079e/300x300.jpg
Fruits & Légumes,cd153657-2e00-4bcd-ae21-78ba805070b3,MPX_808908,"Monoprix Tous Cultiv'Acteurs Pomme de Terre Amandine 1,5kg",4.29,2.86,"['Fruits & Légumes', 'Monoprix Tous Cultiv’Acteurs', 'Légumes']",Monoprix Tous Cultiv'acteurs,True,False,false,4.0,DAY,1.5kg,[],https://courses.monoprix.fr/images-v3/0c44253f-c4a3-4340-9d37-d41e42b9d14a/86d71011-4597-42cb-8d8e-b314af72afd8/300x300.jpg
Fruits & Légumes,c5c684f0-3e0b-40ba-9849-a5e2d2bcc84e,MPX_1951654,Créaline purée de pois cassés 2x200g,3.49,8.73,"['Fruits & Légumes', 'Soupes & Purées', 'Purées Fraîches']",Florette,True,False,false,1.0,WEEK,2 x 200g,[],https://courses.monoprix.fr/images-v3/0c44253f-c4a3-4340-9d37-d41e42b9d14a/b05aa2c8-65d1-4a7c-8f88-bf291d5f5665/300x300.jpg
Fruits & Légumes,fbae9942-6e8d-48c4-86f7-2d4d13a936c9,MPX_80054,Mâche La Barquette 150G,1.3,8.67,"['Fruits & Légumes', 'Prêts à consommer', 'Salades']",P'tit Prix,True,False,false,3.0,DAY,150g,[],https://courses.monoprix.fr/images-v3/0c44253f-c4a3-4340-9d37-d41e42b9d14a/4c5549a8-361a-4efe-8af8-cb7f0745dc55/300x300.jpg
Fruits & Légumes,46a6e997-6a1a-465b-b71c-e911bca27739,MPX_80030,Florette Basilic 11G,1.99,180.91,"['Fruits & Légumes', 'Légumes Frais', 'Herbes Aromatiques et Epices']",Florette,True,False,false,1.0,DAY,11g,[],https://courses.monoprix.fr/images-v3/0c44253f-c4a3-4340-9d37-d41e42b9d14a/07b8e529-71c0-49be-ba56-8a6b820eb516/300x300.jpg
Fruits & Légumes,9cd8d88b-0ba9-437d-b37e-c64b39208e19,MPX_3510820,Innocent Jus Orange & Mangue 900 ML,3.69,4.1,"['Fruits & Légumes', 'Jus Frais & Smoothies', 'Jus Multifruits']",Innocent,True,False,false,1.0,WEEK,90cl,[],https://courses.monoprix.fr/images-v3/0c44253f-c4a3-4340-9d37-d41e42b9d14a/ade1d2bb-13e3-423f-a7cb-be4b70426749/300x300.jpg
Fruits & Légumes,e8e71932-9aaa-49a6-ab62-687a20b52f35,MPX_2187048,"Innocent Jus d'orange avec pulpe, 100% pur jus 900ml",2.99,3.32,"['Fruits & Légumes', 'Jus Frais & Smoothies', ""Jus d'Orange""]",Innocent,True,False,false,1.0,WEEK,90cl,[],https://courses.monoprix.fr/images-v3/0c44253f-c4a3-4340-9d37-d41e42b9d14a/292f100e-fca9-4b0b-9352-d9b8b2cac4e9/300x300.jpg
Fruits & Légumes,9ad7a878-94d7-490e-9dca-c55083ca2aee,MPX_3182788,Créaline écrasé de pomme de terre au beurre 2x200g,3.59,8.98,"['Fruits & Légumes', 'Soupes & Purées', 'Purées Fraîches']",FLORETTE,True,False,false,1.0,WEEK,2 x 200g,[],https://courses.monoprix.fr/images-v3/0c44253f-c4a3-4340-9d37-d41e42b9d14a/d5ec8def-7b6e-4052-b49d-1a8f47cc1f29/300x300.jpg
Fruits & Légumes,8286514d-9a3d-4002-98c4-cb43f5521796,MPX_80058,"Florette coeur de laitue, format familial 320g",2.79,8.72,"['Nos sélections', 'Inspiration du moment', '& Barbecue', 'Légumes']",Florette,True,False,false,1.0,DAY,320g,[],https://courses.monoprix.fr/images-v3/0c44253f-c4a3-4340-9d37-d41e42b9d14a/67d5ce00-d976-4202-8d3d-1c31bd5dbfe0/300x300.jpg
Fruits & Légumes,0160f6e3-09f9-45d1-b6c5-9886d7660c76,MPX_1682509,Florette laitue iceberg 175g,1.69,9.66,"['Fruits & Légumes', 'Prêts à consommer', 'Salades']",Florette,True,False,false,2.0,DAY,175g,[],https://courses.monoprix.fr/images-v3/0c44253f-c4a3-4340-9d37-d41e42b9d14a/465ade7e-0155-4144-ace7-7eaee03f68e7/300x300.jpg
Hygiène & Beauté,d3f71105-6c1c-4843-90cf-7431fc454c19,MPX_2481496,Lotus Papier Toilette Xxl x6,5.49,0.92,"['Entretien & Nettoyage', 'Essuie tout et Papier toilette', 'Papier toilette', 'Par 6']",Lotus,True,False,false,,,6 par pack,[],https://courses.monoprix.fr/images-v3/0c44253f-c4a3-4340-9d37-d41e42b9d14a/dda3afff-e66d-4eea-bb0e-0673ad2e5943/300x300.jpg
Hygiène & Beauté,a6f24b11-8034-422c-9438-9a4ebf70a8bf,MPX_4093225,Kleenex papier toilette coussiné x6,4.49,0.75,"['Entretien & Nettoyage', 'Essuie tout et Papier toilette', 'Papier toilette', 'Par 6']",Kleenex,True,False,false,,,6 par pack,[],https://courses.monoprix.fr/images-v3/0c44253f-c4a3-4340-9d37-d41e42b9d14a/a5e2d194-8d1a-4949-a295-b9831011ad57/300x300.jpg
Hygiène & Beauté,8e042752-8ac7-4dd3-b591-64949613bf8d,MPX_3513770,Fess'Nett Natura Papier toilette humide hypoallergénique x50,2.99,0.06,"['Hygiène & Beauté', 'Papiers toilette, Mouchoirs et Cotons', 'Papiers toilette', 'Autre format']",Fess'Nett,True,False,false,,,50 par pack,[],https://courses.monoprix.fr/images-v3/0c44253f-c4a3-4340-9d37-d41e42b9d14a/433dfab2-4b23-4329-98a7-9acd6f1a62a7/300x300.jpg
Hygiène & Beauté,270bfa7c-36cd-4603-9e27-29bdd573f275,MPX_5446978,Kleenex® Papier toilette Dermo Douceur x6,4.69,0.78,"['Hygiène & Beauté', 'Papiers toilette, Mouchoirs et Cotons', 'Papiers toilette', 'Par 6']",Kleenex,True,False,false,,,6 par pack,[],https://courses.monoprix.fr/images-v3/0c44253f-c4a3-4340-9d37-d41e42b9d14a/668271c4-0523-4787-b537-d081c62afac6/300x300.jpg
Hygiène & Beauté,a82eeb36-2f0c-407d-963d-8ae8c392c73e,MPX_6662360,Signal integral 8 dentifrice complet prébiotique 75ml,2.69,17.93,"['Hygiène & Beauté', 'Hygiène dentaire', 'Dentifrices', 'Soin complet']",Signal,True,False,false,,,150ml,[],https://courses.monoprix.fr/images-v3/0c44253f-c4a3-4340-9d37-d41e42b9d14a/0e7654ad-b23b-4b05-945d-8f4c4d7b1381/300x300.jpg
Hygiène & Beauté,7bc8a644-0306-4a88-b4de-7b8da1606d6d,MPX_5457769,Colgate Total Dentifrice Classique soin complet 75ml,3.19,42.53,"['Hygiène & Beauté', 'Hygiène dentaire', 'Dentifrices', 'Soin complet']",Colgate,True,False,false,6.0,MONTH,75ml,[],https://courses.monoprix.fr/images-v3/0c44253f-c4a3-4340-9d37-d41e42b9d14a/04cad2f5-65af-4cfa-9daf-85dcafc3f386/300x300.jpg
Hygiène & Beauté,44af2c0d-6dea-4120-8966-fed0f645094e,MPX_2189748,Tena Serviettes Maxi Night x12,8.99,8.99,"['Hygiène & Beauté', 'Hygiène féminine et Incontinence', 'Incontinence', 'Incontinence Femme']",Tena,True,False,false,,,,[],https://courses.monoprix.fr/images-v3/0c44253f-c4a3-4340-9d37-d41e42b9d14a/81a153d0-5908-4f39-a79e-3fe496c087f0/300x300.jpg
Hygiène & Beauté,2d2cb222-1a55-42f1-8fc7-6447cc510196,MPX_3875264,"Le Petit Marseillais Gel Douche Extra Doux Mandarine, Citron Vert Bio 250ml",2.35,9.4,"['Bio', 'Beauté bio', 'Douche, Bain et Savon bio']",Le petit marseillais,True,False,false,,,250ml,['Produit bio'],https://courses.monoprix.fr/images-v3/0c44253f-c4a3-4340-9d37-d41e42b9d14a/954ea229-23b7-4d44-be55-912311f1d4df/300x300.jpg
Hygiène & Beauté,383c7b1f-e848-4358-b148-2613f5944955,MPX_6694414,Always Discreet Serviettes Pour Fuites Urinaires Long x16,9.99,0.62,"['Hygiène & Beauté', 'Hygiène féminine et Incontinence', 'Serviettes hygièniques']",Always,True,False,false,,,16 par pack,[],https://courses.monoprix.fr/images-v3/0c44253f-c4a3-4340-9d37-d41e42b9d14a/e31ded1f-7c3f-4a2b-884b-746252afbd6e/300x300.jpg
Hygiène & Beauté,26fadc14-6844-4964-9d56-62eec5b3c657,MPX_6692493,Head & Shoulders classic shampoing antipelliculaire 330ml,6.89,20.88,"['Hygiène & Beauté', 'Soins des cheveux', 'Shampoings', 'Cheveux gras']",Head & Shoulders,True,False,false,,,330ml,[],https://courses.monoprix.fr/images-v3/0c44253f-c4a3-4340-9d37-d41e42b9d14a/0a213f0a-caf8-4a31-851f-1c5f576ae2d0/300x300.jpg
Hygiène & Beauté,b8416478-ba5e-489b-ab12-daa7f45bc6f7,MPX_1787987,Tena Serviettes Lady Maxi x12,8.99,0.75,"['Hygiène & Beauté', 'Hygiène féminine et Incontinence', 'Incontinence', 'Incontinence Femme']",Tena,True,False,false,,,12 par pack,[],https://courses.monoprix.fr/images-v3/0c44253f-c4a3-4340-9d37-d41e42b9d14a/c5a97d38-6d4b-4dbc-886e-5e6244d2bae6/300x300.jpg
Hygiène & Beauté,b62ad54a-a784-416d-9fd6-c656f204c540,MPX_3624265,Tena Serviettes Discreet Extra X20,9.49,9.49,"['Nos sélections', 'Inspiration du moment', '& Sélection gros formats', 'Hygiène et Beauté']",TENA,True,False,false,,,,[],https://courses.monoprix.fr/images-v3/0c44253f-c4a3-4340-9d37-d41e42b9d14a/3505456d-67ea-476d-a431-3336aecc3fe2/300x300.jpg
Hygiène & Beauté,dee721f6-a430-4035-b317-5ff4720f0cdc,MPX_3268377,Tena Serviettes Discreet Normal Jumbo Pack X24,9.49,9.49,"['Nos sélections', 'Inspiration du moment', '& Sélection gros formats', 'Hygiène et Beauté']",TENA,True,False,false,,,,[],https://courses.monoprix.fr/images-v3/0c44253f-c4a3-4340-9d37-d41e42b9d14a/51feac8a-88e8-4163-908d-570959d102c2/300x300.jpg
Hygiène & Beauté,9e0fed36-9c45-4796-888f-4ac59e9f6ed4,MPX_6564449,Le Petit Marseillais douche fleur d'oranger 250ml,2.35,9.4,"['Promotions', 'Promo Hygiène et Beauté', 'Promo Douche, Savon et Bain']",Le Petit Marseillais,True,False,false,,,250ml,[],https://courses.monoprix.fr/images-v3/0c44253f-c4a3-4340-9d37-d41e42b9d14a/c7931016-64fa-4625-a8ce-e4fa16a8c2b7/300x300.jpg
Hygiène & Beauté,3ba62b6f-c799-4b8d-83e7-40a39631abf6,MPX_2380401,Le Petit Marseillais Gel douche extra doux pin & criste marine 250ml,2.35,9.4,"['Hygiène & Beauté', 'Soins du corps', 'Gels Douche, Bain et Savons', 'Gels douche']",Le petit marseillais,True,False,false,,,250ml,['Produit bio'],https://courses.monoprix.fr/images-v3/0c44253f-c4a3-4340-9d37-d41e42b9d14a/aea5e04b-34d1-4ccb-9fc3-bd228ead67b9/300x300.jpg
Hygiène & Beauté,275d205d-7b89-4dd4-bb3e-16bd14382a5c,MPX_5002485,Tampax Compak Tampons Avec Applicateur Super Plus X22,4.99,4.99,"['Hygiène & Beauté', 'Hygiène féminine et Incontinence', 'Tampons']",Tampax,True,False,false,1.0,YEAR,,[],https://courses.monoprix.fr/images-v3/0c44253f-c4a3-4340-9d37-d41e42b9d14a/a343fbce-fb5e-4831-b526-1c23fa97812e/300x300.jpg
Hygiène & Beauté,e22f7a46-261c-4df8-a729-6c305b35dba9,MPX_5002506,Tampax Compak Tampons Avec Applicateur Regulier X24,4.95,0.21,"['Hygiène & Beauté', 'Hygiène féminine et Incontinence', 'Tampons']",Tampax,True,False,false,1.0,YEAR,24 par pack,[],https://courses.monoprix.fr/images-v3/0c44253f-c4a3-4340-9d37-d41e42b9d14a/346f6470-d7d4-4525-ba9f-ab14a20ae329/300x300.jpg
Hygiène & Beauté,0d9dea71-38f3-4179-b2c5-29854fb902b5,MPX_3624264,Tena Serviettes Discreet Extra Plus x16,8.99,0.56,"['Hygiène & Beauté', 'Hygiène féminine et Incontinence', 'Incontinence', 'Incontinence Femme']",TENA,True,False,false,,,16 par pack,[],https://courses.monoprix.fr/images-v3/0c44253f-c4a3-4340-9d37-d41e42b9d14a/3dd40f6d-a61f-4644-b762-906970e1de7b/300x300.jpg
Hygiène & Beauté,5f65e874-03f4-47a3-a32c-43cdfa1748b2,MPX_4213527,Ushuaia Gel Douche Délassant Ylang 300ml,3.29,10.97,"['Promotions', 'Promo Hygiène et Beauté', 'Promo Douche, Savon et Bain']",Ushuaia,True,False,false,,,300ml,[],https://courses.monoprix.fr/images-v3/0c44253f-c4a3-4340-9d37-d41e42b9d14a/462c9215-ee6f-4f29-9d56-2799998552e9/300x300.jpg
Hygiène & Beauté,deec50fe-dd74-4518-87f9-be68a4d14aa7,MPX_5002507,Tampax Compak Tampons Avec Applicateur Super X24,5.15,0.21,"['Hygiène & Beauté', 'Hygiène féminine et Incontinence', 'Tampons']",Tampax,True,False,false,1.0,YEAR,24 par pack,[],https://courses.monoprix.fr/images-v3/0c44253f-c4a3-4340-9d37-d41e42b9d14a/ec1736dd-e15b-44f9-9c98-b4442be02e6e/300x300.jpg
Hygiène & Beauté,81df968c-e335-4990-96f7-931c51d32940,MPX_2975423,Le Petit Marseillais Gel douche extra doux grenade de Méditerranée 250ml,2.35,9.4,"['Hygiène & Beauté', 'Soins du corps', 'Gels Douche, Bain et Savons', 'Gels douche']",Le petit Marseillais,True,False,false,,,250ml,[],https://courses.monoprix.fr/images-v3/0c44253f-c4a3-4340-9d37-d41e42b9d14a/c011798d-5ce4-4dc2-81ba-cbcaf814ccda/300x300.jpg
Hygiène & Beauté,18dc4fc5-a88e-4edb-9884-8b641679bfc6,MPX_6564448,Le Petit Marseillais amande bio 250ml,2.35,9.4,"['Nos sélections', 'Inspiration du moment', '& Routine beauté hiver', 'Nettoyant corps']",Le Petit Marseillais,True,False,false,,,250ml,['Produit bio'],https://courses.monoprix.fr/images-v3/0c44253f-c4a3-4340-9d37-d41e42b9d14a/157e84f2-7b18-46d6-8ca7-b5666e311c95/300x300.jpg
Hygiène & Beauté,ceb46fd7-3ffb-4e41-81c3-75558fbbfec2,MPX_4213525,Ushuaia Gel Douche Ensoleillant Monoï & Fleur de Tiaré 300ml,3.29,10.97,"['Hygiène & Beauté', 'Soins du corps', 'Gels Douche, Bain et Savons', 'Gels douche']",Ushuaia,True,False,false,,,300ml,[],https://courses.monoprix.fr/images-v3/0c44253f-c4a3-4340-9d37-d41e42b9d14a/0a52d13e-b946-44a1-b62d-2f7682f51528/300x300.jpg
Hygiène & Beauté,18ceab0a-d918-4630-a50b-dc8a29ca783b,MPX_4213518,Ushuaia Gel Douche Fraîcheur Intense Minéraux Marins 300ml,3.59,11.97,"['Promotions', 'Promo Hygiène et Beauté', 'Promo Douche, Savon et Bain']",Ushuaia,True,False,false,,,300ml,[],https://courses.monoprix.fr/images-v3/0c44253f-c4a3-4340-9d37-d41e42b9d14a/39ebfe9e-d5ff-4851-b4cd-fdd98d1764ef/300x300.jpg
Hygiène & Beauté,c0c3233e-9daa-4dc8-87e5-bd28afa56ea0,MPX_4077439,Always Discreet Protège Slips Spécial Fuites Urinaires X28,3.75,0.13,"['Hygiène & Beauté', 'Hygiène féminine et Incontinence', 'Protège-slips']",Always,True,False,false,,,28 par pack,[],https://courses.monoprix.fr/images-v3/0c44253f-c4a3-4340-9d37-d41e42b9d14a/d29bf823-5dc1-4ea5-b1e6-9baa529b7598/300x300.jpg
Hygiène & Beauté,34706b4c-f65e-4607-a250-e8d0475d671d,MPX_3753659,Sanex Déodorant Spray Natur Protect Peaux sensibles 200ml,4.49,22.45,"['Hygiène & Beauté', 'Soins du corps', 'Déodorants', 'Sprays']",Sanex,True,False,false,,,200ml,[],https://courses.monoprix.fr/images-v3/0c44253f-c4a3-4340-9d37-d41e42b9d14a/96718864-f3f6-4001-a067-f61a79c31781/300x300.jpg
Hygiène & Beauté,3db49de4-8a72-406d-877e-955d608e75d9,MPX_6713306,Pampers Couches Culottes Premium Protection T5 x17,14.9,0.88,"['Hygiène & Beauté', 'Hygiène féminine et Incontinence', 'Culottes menstruelles et Cups']",Pampers,True,False,false,,,17 par pack,[],https://courses.monoprix.fr/images-v3/0c44253f-c4a3-4340-9d37-d41e42b9d14a/c90a268f-6197-4c17-921d-477fb12c9ad1/300x300.jpg
Hygiène & Beauté,a727dfae-e34b-49c5-901f-c5c6010d925f,MPX_4213542,Ushuaia Gel Douche Douceur du Japon Lait de Riz & Fleur de Sakura 300ml,3.29,10.97,"['Promotions', 'Promo Hygiène et Beauté', 'Promo Douche, Savon et Bain']",Ushuaia,True,False,false,,,300ml,[],https://courses.monoprix.fr/images-v3/0c44253f-c4a3-4340-9d37-d41e42b9d14a/e94dd21d-9173-480a-a174-4a40f40a90ae/300x300.jpg
Hygiène & Beauté,e058b40f-acf1-4357-8f8e-3829dfbe3faa,MPX_6717488,Always Discreet Serviettes Pour Fuites Urinaires normal x12,4.99,0.42,"['Hygiène & Beauté', 'Hygiène féminine et Incontinence', 'Serviettes hygièniques']",Always,True,False,false,,,12 par pack,[],https://courses.monoprix.fr/images-v3/0c44253f-c4a3-4340-9d37-d41e42b9d14a/2cd70a05-5a17-4045-8011-47a1ec4bd8c1/300x300.jpg
Hygiène & Beauté,e0b7cd76-bfd4-4f90-a385-94ed97f10fc6,MPX_6717495,Always Discreet  Culottes Pour Fuites Urinaires 6 drops x9,10.9,1.21,"['Hygiène & Beauté', 'Hygiène féminine et Incontinence', 'Incontinence', 'Incontinence Femme']",Always,True,False,false,,,9 par pack,[],https://courses.monoprix.fr/images-v3/0c44253f-c4a3-4340-9d37-d41e42b9d14a/37d8bf33-de99-4107-a128-432c536b441c/300x300.jpg
Hygiène & Beauté,60d6bb18-331f-4c7f-8754-92539b2aaa2e,MPX_5457767,Colgate Total Dentifrice Blancheur Naturelle 75ml,3.19,42.53,"['Hygiène & Beauté', 'Hygiène dentaire', 'Dentifrices', 'Blancheur et fraîcheur']",Colgate,True,False,false,6.0,MONTH,75ml,[],https://courses.monoprix.fr/images-v3/0c44253f-c4a3-4340-9d37-d41e42b9d14a/a6b565bc-d707-47cb-80f9-29345cf71fce/300x300.jpg
Hygiène & Beauté,5dca9043-0ed7-423e-9038-d33b7acfddac,MPX_4213520,Ushuaia Gel Douche Tonifiant Extrait De Cèdre 300ml,3.59,11.97,"['Promotions', 'Promo Hygiène et Beauté', 'Promo Douche, Savon et Bain']",Ushuaia,True,False,false,,,300ml,[],https://courses.monoprix.fr/images-v3/0c44253f-c4a3-4340-9d37-d41e42b9d14a/5259f5e9-6b16-4bdf-8e7a-51fb8ee7cd2a/300x300.jpg
Hygiène & Beauté,c86ac953-6f42-4408-9629-273745766724,MPX_6717494,Always Discreet Serviettes Pour Fuites Urinaires Ultimate Nuit x12,8.59,0.72,"['Hygiène & Beauté', 'Hygiène féminine et Incontinence', 'Serviettes hygièniques']",Always,True,False,false,,,12 par pack,[],https://courses.monoprix.fr/images-v3/0c44253f-c4a3-4340-9d37-d41e42b9d14a/531d0491-5fba-4afe-984c-7d0f34c3660b/300x300.jpg
Hygiène & Beauté,156b0df6-4613-4bbe-a271-ff8bda5e1ec5,MPX_72896,Mixa Crème Mains Réparatrice Mains Abîmées 100ml,3.15,31.5,"['Hygiène & Beauté', 'Soins du corps', 'Soins des mains et des pieds', 'Soins des mains']",Mixa,True,False,false,,,100ml,[],https://courses.monoprix.fr/images-v3/0c44253f-c4a3-4340-9d37-d41e42b9d14a/8325264d-df2c-4f9f-9608-15eed16025e6/300x300.jpg
Hygiène & Beauté,63e04484-0bfc-44d2-96a7-cc40afd79377,MPX_3367317,Monoprix Papier toilette double épaisseur x12,2.89,0.24,"['Entretien & Nettoyage', 'Essuie tout et Papier toilette', 'Papier toilette', 'Par 12']",Monoprix,True,False,false,,,12 par pack,[],https://courses.monoprix.fr/images-v3/0c44253f-c4a3-4340-9d37-d41e42b9d14a/f9337a53-4f57-4019-bb63-53ee3c5de5c9/300x300.jpg
Hygiène & Beauté,e51de96a-2c3a-4fe7-a624-534d094d5c28,MPX_1726458,Lotus Mouchoirs Boîte Sensitive x80,1.89,0.02,"['Hygiène & Beauté', 'Papiers toilette, Mouchoirs et Cotons', 'Mouchoirs', 'Boîtes']",Lotus,True,False,false,,,80 par pack,[],https://courses.monoprix.fr/images-v3/0c44253f-c4a3-4340-9d37-d41e42b9d14a/c6deb724-934d-4902-b207-e359fb813ce5/300x300.jpg
Hygiène & Beauté,8d708caf-3559-49e6-b38d-ca2d49be198e,MPX_160489,Monoprix Papier Toilette Triple Épaisseur X6,3.39,0.57,"['Entretien & Nettoyage', 'Essuie tout et Papier toilette', 'Papier toilette', 'Par 6']",Monoprix,True,False,false,,,6 par pack,[],https://courses.monoprix.fr/images-v3/0c44253f-c4a3-4340-9d37-d41e42b9d14a/1cc2233f-19d4-4747-a035-4cc30a161d7d/300x300.jpg
Hygiène & Beauté,612dd128-7688-4190-9698-18f13a23e12c,MPX_2261094,Monoprix Mouchoirs Double Épaisseur Douceur & Résistance,1.35,0.01,"['Hygiène & Beauté', 'Papiers toilette, Mouchoirs et Cotons', 'Mouchoirs', 'Boîtes']",Monoprix,True,False,false,,,110 par pack,[],https://courses.monoprix.fr/images-v3/0c44253f-c4a3-4340-9d37-d41e42b9d14a/42b2a5a2-30c7-4ce4-853e-5c5e05ed5861/300x300.jpg
Hygiène & Beauté,4e648e58-b096-4706-8896-8ba0e9e674d6,MPX_2480637,Lotus Papier Toilette Confort x12 (blanc ou rose),5.29,0.44,"['Entretien & Nettoyage', 'Essuie tout et Papier toilette', 'Papier toilette', 'Par 12']",Lotus,True,False,false,,,12 par pack,[],https://courses.monoprix.fr/images-v3/0c44253f-c4a3-4340-9d37-d41e42b9d14a/b315f799-7fd7-4ed6-aac0-5781efeedf51/300x300.jpg
Hygiène & Beauté,6cd18ba9-c429-4462-ac89-c7b30dc01094,MPX_160492,Monoprix Papier toilette double épaisseur x6,1.45,0.24,"['Entretien & Nettoyage', 'Essuie tout et Papier toilette', 'Papier toilette', 'Par 6']",Monoprix,True,False,false,,,6 par pack,[],https://courses.monoprix.fr/images-v3/0c44253f-c4a3-4340-9d37-d41e42b9d14a/e47fc1a9-d6af-48cf-80f4-d70a3cc08a7d/300x300.jpg
Hygiène & Beauté,56e401c7-88b4-4437-be3a-93e92d5c5a5b,MPX_6649560,L'Oréal Paris elseve multivitaminé 2en1 shampooing vitalité 350ml,5.95,17.0,"['Hygiène & Beauté', 'Soins des cheveux', 'Shampoings', 'Cheveux normaux']",L'Oréal Paris,True,False,false,,,350ml,[],https://courses.monoprix.fr/images-v3/0c44253f-c4a3-4340-9d37-d41e42b9d14a/f8297a0b-a065-4081-bdf9-6c32f831ea99/300x300.jpg
Hygiène & Beauté,0190818a-92fb-4ee8-a612-2318e70dab6d,MPX_1877461,Monoprix Lingettes Toilette Intime Douceur Fraîcheur,1.99,0.1,"['Hygiène & Beauté', 'Hygiène féminine et Incontinence', 'Toilettes intimes']",Monoprix,True,False,false,6.0,MONTH,20 par pack,[],https://courses.monoprix.fr/images-v3/0c44253f-c4a3-4340-9d37-d41e42b9d14a/c687140e-89b0-447e-ae28-d0a40820f154/300x300.jpg
Hygiène & Beauté,cdbc65f1-ce7d-466d-ab5c-dc8bc6fe1aa6,MPX_2936658,Le Petit Marseillais Savon Soin Nourrissant à L'Huile D'Amande Douce 2x100g,1.99,9.95,"['Hygiène & Beauté', 'Soins du corps', 'Gels Douche, Bain et Savons', 'Savons Solides']",Le Petit Marseillais,True,False,false,,,200g,[],https://courses.monoprix.fr/images-v3/0c44253f-c4a3-4340-9d37-d41e42b9d14a/5426084a-6cfb-433f-9196-a36de5848e7a/300x300.jpg
Hygiène & Beauté,044e560e-9b2e-4239-ba9e-a3e188892308,MPX_3170620,"Sanytol Gel Mains Désinfectant, Thé Vert 75ml",2.29,30.53,"['Hygiène & Beauté', 'Soins du corps', 'Soins des mains et des pieds', 'Soins des mains']",Sanytol,True,False,false,1.0,YEAR,75ml,[],https://courses.monoprix.fr/images-v3/0c44253f-c4a3-4340-9d37-d41e42b9d14a/c70dceb9-53a8-47ff-b955-420be5f47f93/300x300.jpg
Hygiène & Beauté,b8cb71d2-e294-4946-954a-1ff4fd939ceb,MPX_6584141,Garnier ultra doux merveilleux shampoing argan et camélia 300ml,3.99,13.3,"['Hygiène & Beauté', 'Soins des cheveux', 'Shampoings', 'Cheveux secs et Abimés']",Ultra doux,True,False,false,,,300ml,[],https://courses.monoprix.fr/images-v3/0c44253f-c4a3-4340-9d37-d41e42b9d14a/e5ac1a3b-7cb9-486b-aaa6-178465f75a7d/300x300.jpg
Hygiène & Beauté,97d0c766-4287-4a3a-92d8-f7c60bc0fb3c,MPX_6631681,L'Oréal Paris Elseve Hyaluron Repulp Après-Shampooing Soin Démêlant Ré-Hydratant 250ml,5.95,23.8,"['Hygiène & Beauté', 'Soins des cheveux', 'Après-Shampoings', 'Cheveux secs et Abimés']",L'Oréal Paris,True,False,false,,,250ml,[],https://courses.monoprix.fr/images-v3/0c44253f-c4a3-4340-9d37-d41e42b9d14a/a9b6df09-d702-42fc-8efa-be72aa4565c0/300x300.jpg
Hygiène & Beauté,6c424fd9-b753-4e62-af0a-d4ba2648b5af,MPX_2338023,Tena Culottes Pants Plus Large x8,11.29,11.29,"['Hygiène & Beauté', 'Hygiène féminine et Incontinence', 'Culottes menstruelles et Cups', 'Culottes menstruelles']",Tena,True,False,false,,,,[],https://courses.monoprix.fr/images-v3/0c44253f-c4a3-4340-9d37-d41e42b9d14a/2e114a0d-8ba0-4313-8753-2756bf1423f9/300x300.jpg
Hygiène & Beauté,e9232d5f-2b3e-47bd-aa3b-2987d351b611,MPX_4806,Sanogyl dentifrice soin gencives 75ml,3.49,46.53,"['Hygiène & Beauté', 'Hygiène dentaire', 'Dentifrices', 'Soin gencives']",Sanogyl,True,False,false,,,75ml,[],https://courses.monoprix.fr/images-v3/0c44253f-c4a3-4340-9d37-d41e42b9d14a/21e965aa-2b8b-4785-8411-c9bd4f6bf922/300x300.jpg
Hygiène & Beauté,cd350f81-eed6-4511-a48a-f17824028280,MPX_6595829,Dove Déodorant Spray Anti-Transpirant 200ml,4.99,24.95,"['Hygiène & Beauté', 'Soins du corps', 'Déodorants', 'Sprays']",Dove,True,False,false,,,200ml,[],https://courses.monoprix.fr/images-v3/0c44253f-c4a3-4340-9d37-d41e42b9d14a/04620f3e-e37d-4e7e-a6bb-13116da2be1a/300x300.jpg
Hygiène & Beauté,c72f2a90-d0a9-4eaf-9db0-fce5f461b7ba,MPX_3513161,Monoprix Serviettes Pour Fuites Urinaires Maxi Nuit Avec Barrières Anti Fuites X12,5.99,5.99,"['Hygiène & Beauté', 'Hygiène féminine et Incontinence', 'Incontinence', 'Incontinence Femme']",Monoprix,True,False,false,,,,[],https://courses.monoprix.fr/images-v3/0c44253f-c4a3-4340-9d37-d41e42b9d14a/6bcc0af5-d590-49d0-99fa-48dcb61939bc/300x300.jpg
Hygiène & Beauté,15918f49-5fbb-4384-954c-0d9e97fe422a,MPX_6719996,Sensodyne Dentifrice Soin Blancheur 75ml,4.95,66.0,"['Hygiène & Beauté', 'Hygiène dentaire', 'Dentifrices', 'Blancheur et fraîcheur']",Sensodyne,True,False,false,1.0,YEAR,75ml,[],https://courses.monoprix.fr/images-v3/0c44253f-c4a3-4340-9d37-d41e42b9d14a/ac21b74d-1b0d-464f-99d0-054f58466426/300x300.jpg
Hygiène & Beauté,79888047-f47d-425b-8a2d-2be49dbd25a1,MPX_3513160,Monoprix Serviettes Pour Fuites Urinaires Maxi X16,6.79,0.42,"['Hygiène & Beauté', 'Hygiène féminine et Incontinence', 'Incontinence', 'Incontinence Femme']",Monoprix,True,False,false,,,16 par pack,[],https://courses.monoprix.fr/images-v3/0c44253f-c4a3-4340-9d37-d41e42b9d14a/4d40b87f-691d-4677-9adc-1bb7089bc5ce/300x300.jpg
Hygiène & Beauté,16b5cc49-2b80-40d6-ba00-8a5948261dc1,MPX_1559404,Monoprix Gants Fin en Latex x10 Taille L,1.75,0.18,"['Entretien & Nettoyage', 'Accessoire menager', 'Gant']",Monoprix,True,False,false,,,10 par pack,[],https://courses.monoprix.fr/images-v3/0c44253f-c4a3-4340-9d37-d41e42b9d14a/74f2d8c4-8e98-44b9-b523-0fe4e396dc79/300x300.jpg
Hygiène & Beauté,650aae83-09b2-464c-bb60-770ffa4a1cf1,MPX_6566585,Le Petit Marseillais Savon Liquide Antibactérien Recharge 750ml,5.65,7.53,"['Hygiène & Beauté', 'Soins du corps', 'Gels Douche, Bain et Savons', 'Recharges savon liquide']",Le Petit Marseillais,True,False,false,,,750ml,[],https://courses.monoprix.fr/images-v3/0c44253f-c4a3-4340-9d37-d41e42b9d14a/33137fb7-a5fe-4c8b-9a2c-a44a636156b6/300x300.jpg
Hygiène & Beauté,c88abbfc-d04e-469e-bfc1-5ccd19f8d86f,MPX_650230,Lotus Mouchoirs Etuis Menthol X15,3.65,0.24,"['Hygiène & Beauté', 'Papiers toilette, Mouchoirs et Cotons', 'Mouchoirs', 'Etuis']",LOTUS,True,False,false,,,15 par pack,[],https://courses.monoprix.fr/images-v3/0c44253f-c4a3-4340-9d37-d41e42b9d14a/5d32a860-7ee1-410a-a172-f525eaeb875a/300x300.jpg
Hygiène & Beauté,2ab1f846-ec03-4bba-a5dc-c716fb9e2627,MPX_2174286,Narta Déodorant Bille 48h Protection 5-en-1 50ml,3.89,77.8,"['Hygiène & Beauté', 'Soins du corps', 'Déodorants', 'Billes']",Narta,True,False,false,,,50ml,[],https://courses.monoprix.fr/images-v3/0c44253f-c4a3-4340-9d37-d41e42b9d14a/416d9074-45ed-44d7-bdaf-0b0a76e3d7ac/300x300.jpg
Hygiène & Beauté,0ce688b9-dd21-4beb-8cac-a00c2a9bc0a5,MPX_501582,Palmolive Savon liquide Mains Aquarium pompe 300 ml,2.55,8.5,"['Hygiène & Beauté', 'Soins du corps', 'Gels Douche, Bain et Savons', 'Savons Liquides']",Palmolive,True,False,false,,,300ml,[],https://courses.monoprix.fr/images-v3/0c44253f-c4a3-4340-9d37-d41e42b9d14a/899ff2ff-691b-4e15-82bb-6d4e12ffb90a/300x300.jpg
Hygiène & Beauté,bbc0c0fc-32a1-4053-810b-9bf2c9edde4a,MPX_6661104,Signal Dentifrice Extra Fraicheur Blancheur 75ml,2.89,38.53,"['Hygiène & Beauté', 'Hygiène dentaire', 'Dentifrices', 'Blancheur et fraîcheur']",Signal,True,False,false,,,75ml,[],https://courses.monoprix.fr/images-v3/0c44253f-c4a3-4340-9d37-d41e42b9d14a/a6a7beef-5162-4322-8873-43f1d7e0a5eb/300x300.jpg
Hygiène & Beauté,44c0389d-8f77-44d8-8d50-aa9abc56a5e1,MPX_3576795,Vademecum Dentifrice Enfant Bio Sans Fluor Goût Fraise 1 à 6 ans 50 ml,3.65,73.0,"['Bio', 'Beauté bio', 'Dentifrice bio']",VADEMECUM,True,False,false,,,50ml,[],https://courses.monoprix.fr/images-v3/0c44253f-c4a3-4340-9d37-d41e42b9d14a/d91d4792-a36b-4ac0-9c2a-296f55494463/300x300.jpg
Hygiène & Beauté,34a6a5d4-238e-455e-b9c7-21ff6b12b828,MPX_1775392,Dessange Nutri-Extrême Richesse Shampooing Nutrition Cheveux Secs 250ml,3.65,14.6,"['Hygiène & Beauté', 'Soins des cheveux', 'Shampoings', 'Cheveux secs et Abimés']",Dessange,True,False,false,,,250ml,[],https://courses.monoprix.fr/images-v3/0c44253f-c4a3-4340-9d37-d41e42b9d14a/6728fa4d-b49e-40f7-b3a5-8e2e725980dc/300x300.jpg
Hygiène & Beauté,eda0efe8-fc07-4dbf-8576-e2baefd31e1a,MPX_6688044,Narta anti-transpirant invisible efficacité 48h 50ml,3.89,77.8,"['Hygiène & Beauté', 'Soins du corps', 'Déodorants', 'Billes']",Narta,True,False,false,,,50ml,[],https://courses.monoprix.fr/images-v3/0c44253f-c4a3-4340-9d37-d41e42b9d14a/32299ffd-7068-4368-81ae-693985c29ec3/300x300.jpg
Hygiène & Beauté,da10e616-6925-47dc-90db-de4314672c18,MPX_2261179,Nana Serviettes Hygiéniques Ultra Normal Déo Fresh x14,2.65,0.19,"['Hygiène & Beauté', 'Hygiène féminine et Incontinence', 'Serviettes hygièniques']",Nana,True,False,false,,,14 par pack,[],https://courses.monoprix.fr/images-v3/0c44253f-c4a3-4340-9d37-d41e42b9d14a/ad2f8662-93cb-49b0-95f5-b634ad994228/300x300.jpg
Hygiène & Beauté,0a8721bf-8bf3-4757-a375-81cd0c1b5214,MPX_6625674,Signal White Now Dentifrice Original 75ml,4.59,61.2,"['Hygiène & Beauté', 'Hygiène dentaire', 'Dentifrices', 'Blancheur et fraîcheur']",Signal,True,False,false,,,75ml,[],https://courses.monoprix.fr/images-v3/0c44253f-c4a3-4340-9d37-d41e42b9d14a/220db575-60cc-44dc-a3fa-747a259c727f/300x300.jpg
Hygiène & Beauté,fbcaff3d-eb99-4698-b457-42284148f527,MPX_3648273,Sensodyne Dentifrice Action Sensibilite 75ml,4.39,58.53,"['Hygiène & Beauté', 'Hygiène dentaire', 'Dentifrices', 'Soin complet']",Sensodyne,True,False,false,,,75ml,[],https://courses.monoprix.fr/images-v3/0c44253f-c4a3-4340-9d37-d41e42b9d14a/039ab548-c521-4279-998d-988c73b15ee9/300x300.jpg
Hygiène & Beauté,3b552f9d-666e-48b8-b828-2606e8d961d9,MPX_6631747,L'Oréal Paris elseve nutri gloss shampooing embellisseur 350 ml,5.95,17.0,"['Hygiène & Beauté', 'Soins des cheveux', 'Shampoings', 'Cheveux secs et Abimés']",L'Oréal Paris,True,False,false,,,350ml,[],https://courses.monoprix.fr/images-v3/0c44253f-c4a3-4340-9d37-d41e42b9d14a/c0c09cdd-fa8a-42ed-a5db-3b99bc647650/300x300.jpg
Hygiène & Beauté,1a6fa250-ef60-441d-9d75-797537f9d68d,MPX_2333862,Savon Le Naturel Savon Liquide Extra Pur de Marseille Miel de Lavande 500ml,3.99,7.98,"['Hygiène & Beauté', 'Soins du corps', 'Gels Douche, Bain et Savons', 'Savons Liquides']",Savon Le Naturel,True,False,false,,,500ml,[],https://courses.monoprix.fr/images-v3/0c44253f-c4a3-4340-9d37-d41e42b9d14a/c34524d6-2f90-46b1-a3b5-5efe9f3576a5/300x300.jpg
Hygiène & Beauté,d1a86081-1838-4461-80f6-d833b6848f88,MPX_6666845,Colgate dentifrice fraîcheur chlorophylle x1 - 75ml,1.49,19.87,"['Hygiène & Beauté', 'Hygiène dentaire', 'Dentifrices', 'Blancheur et fraîcheur']",Colgate,True,False,false,6.0,MONTH,75ml,[],https://courses.monoprix.fr/images-v3/0c44253f-c4a3-4340-9d37-d41e42b9d14a/a07d2a43-8732-4aad-98fe-ef9b4cad6110/300x300.jpg
Hygiène & Beauté,23f69796-1f15-47ec-b45d-af69f1400e1e,MPX_5744515,Signal Brosses À Dents Medium Protection Intégrale x4,2.89,0.72,"['Hygiène & Beauté', 'Hygiène dentaire', 'Brosses à dents manuelles', 'Brosses à dents medium et dures']",Signal,True,False,false,,,4 par pack,[],https://courses.monoprix.fr/images-v3/0c44253f-c4a3-4340-9d37-d41e42b9d14a/5ac5cdaf-f100-4fcf-bcad-7748167b17da/300x300.jpg
Hygiène & Beauté,9314b5a7-1dd2-4a5f-8324-01679bfa4fdb,MPX_6688043,Narta anti-transpirant bio efficacité 48h 50ml,3.89,77.8,"['Hygiène & Beauté', 'Soins du corps', 'Déodorants', 'Billes']",Narta,True,False,false,,,50ml,['Produit bio'],https://courses.monoprix.fr/images-v3/0c44253f-c4a3-4340-9d37-d41e42b9d14a/9bfc93b4-eb86-4433-97d7-65e235a23ff5/300x300.jpg
Hygiène & Beauté,a4e67dae-5dae-46ff-b09e-3b6d2bc5a74b,MPX_3306409,Lotus Papier Toilette Moltonel Sans Tube x4,4.29,1.07,"['Hygiène & Beauté', 'Papiers toilette, Mouchoirs et Cotons', 'Papiers toilette', 'Par 4']",Lotus,True,False,false,,,4 par pack,[],https://courses.monoprix.fr/images-v3/0c44253f-c4a3-4340-9d37-d41e42b9d14a/994ef53e-9a47-4554-9cdf-fd1f12315582/300x300.jpg
Hygiène & Beauté,1224d68c-6635-49c0-8662-18b5c091b459,MPX_4210962,Listerine Bain de Bouche Total Care 6 en1 500ml,5.99,11.98,"['Hygiène & Beauté', 'Hygiène dentaire', 'Bains de bouche']",Listerine,True,False,false,,,500ml,[],https://courses.monoprix.fr/images-v3/0c44253f-c4a3-4340-9d37-d41e42b9d14a/f8c829e7-4cea-4194-9670-8b2b36048795/300x300.jpg
Hygiène & Beauté,cea208d4-fe8a-4de2-b969-cc3ccb54f3f7,MPX_3859084,Lotus Mouchoirs Etuis Pure Natural x10,2.65,2.65,"['Hygiène & Beauté', 'Papiers toilette, Mouchoirs et Cotons', 'Mouchoirs', 'Etuis']",Lotus,True,False,false,,,,[],https://courses.monoprix.fr/images-v3/0c44253f-c4a3-4340-9d37-d41e42b9d14a/e361b98e-7854-4c2f-9ecc-4e02abc324b0/300x300.jpg
Hygiène & Beauté,84ffb348-e106-48f0-917c-53550e6e3946,MPX_4889716,Batiste Shampooing Sec Original 200Ml,5.45,27.25,"['Hygiène & Beauté', 'Soins des cheveux', 'Shampoings secs']",Batiste,True,False,false,,,200ml,[],https://courses.monoprix.fr/images-v3/0c44253f-c4a3-4340-9d37-d41e42b9d14a/123d2637-756b-45a4-a0e1-b6debf88e3da/300x300.jpg
Hygiène & Beauté,9c1c8102-5480-48f2-b62c-b08127cd4037,MPX_2018866,Monoprix Protège-Lingerie Multi-Forme X30,1.49,1.49,"['Hygiène & Beauté', 'Hygiène féminine et Incontinence', 'Protège-slips']",Monoprix,True,False,false,1.0,YEAR,,[],https://courses.monoprix.fr/images-v3/0c44253f-c4a3-4340-9d37-d41e42b9d14a/ef2ac38a-e8e2-47f8-8917-bfb6d7fe6ca5/300x300.jpg
Hygiène & Beauté,0042cddb-f6d9-4aeb-bfdd-93a5872cd5c9,MPX_1039432,Vademecum Dentifrice Blancheur et Plantes Formule Végane 75ml,2.15,28.67,"['Hygiène & Beauté', 'Hygiène dentaire', 'Dentifrices', 'Blancheur et fraîcheur']",Vademecum,True,False,false,,,75ml,['Produit bio'],https://courses.monoprix.fr/images-v3/0c44253f-c4a3-4340-9d37-d41e42b9d14a/f7a05a99-e31f-4da2-9734-e517b003c09a/300x300.jpg
Hygiène & Beauté,03b213d9-9ae6-41bb-801c-cd99ba39ec9d,MPX_3823100,Nana Serviettes Hygiéniques Maxi Goodnight X12,2.89,0.24,"['Hygiène & Beauté', 'Hygiène féminine et Incontinence', 'Serviettes hygièniques']",Nana,True,False,false,,,12 par pack,[],https://courses.monoprix.fr/images-v3/0c44253f-c4a3-4340-9d37-d41e42b9d14a/2dc7f4e5-9b57-437f-aaf9-93d767547a1e/300x300.jpg
Hygiène & Beauté,809e7c14-8437-40be-857b-d355638cfc5c,MPX_6631688,L'Oréal Paris elseve color-vive shampooing soin protection couleur 350ml,5.95,17.0,"['Hygiène & Beauté', 'Soins des cheveux', 'Shampoings', 'Cheveux colorés et Méchés']",L'Oréal Paris,True,False,false,,,350ml,[],https://courses.monoprix.fr/images-v3/0c44253f-c4a3-4340-9d37-d41e42b9d14a/4b392526-7ff9-41b5-b3f9-f148e4b5b7a5/300x300.jpg
Hygiène & Beauté,4b425165-7ab1-40f1-aeb4-0a1ab45e45a6,MPX_185383,Ushuaia Déodorant Bille 48h Vanille de Polynésie 50ml,4.85,97.0,"['Hygiène & Beauté', 'Soins du corps', 'Déodorants', 'Billes']",Ushuaia,True,False,false,,,50ml,[],https://courses.monoprix.fr/images-v3/0c44253f-c4a3-4340-9d37-d41e42b9d14a/e7adbaea-db35-442c-8a50-98d224325f31/300x300.jpg
Hygiène & Beauté,822c6a26-bac4-4119-93ee-d375cef3d6a0,MPX_6665078,Le Petit Marseillais gel lavant mains pur savon & lavande recharge 250ml,1.69,6.76,"['Hygiène & Beauté', 'Soins du corps', 'Gels Douche, Bain et Savons', 'Savons Liquides']",Le petit Marseillais,True,False,false,,,250ml,[],https://courses.monoprix.fr/images-v3/0c44253f-c4a3-4340-9d37-d41e42b9d14a/8cdb3f06-0993-4bdd-9377-882cc4d890f1/300x300.jpg
Hygiène & Beauté,c8ef461d-f3dc-4717-b707-4a085f36e498,MPX_67278,Sanogyl dentifrice soin blancheur 75ml,3.49,46.53,"['Hygiène & Beauté', 'Hygiène dentaire', 'Dentifrices', 'Blancheur et fraîcheur']",Sanogyl,True,False,false,,,75ml,[],https://courses.monoprix.fr/images-v3/0c44253f-c4a3-4340-9d37-d41e42b9d14a/784e9629-54de-47bc-b84f-9dfb7933aeab/300x300.jpg
Hygiène & Beauté,6ea3df15-da64-401c-b42c-a4b9f8d25954,MPX_6631739,L'Oréal Paris elseve dream long shampooing reconstructeur 300ml,5.95,19.83,"['Hygiène & Beauté', 'Soins des cheveux', 'Shampoings', 'Cheveux secs et Abimés']",L'Oréal Paris,True,False,false,,,300ml,[],https://courses.monoprix.fr/images-v3/0c44253f-c4a3-4340-9d37-d41e42b9d14a/c964331e-521c-4ca5-b3c0-94404e375216/300x300.jpg
Hygiène & Beauté,f074c418-d53c-43d1-a2b5-a2c17f710444,MPX_2963130,Monoprix shampoing doux 2 en 1 amande 500ml,1.95,3.9,"['Nos sélections', 'Inspiration du moment', '& Routine beauté hiver', 'Soin et hydratation cheveux']",Monoprix,True,False,false,,,500ml,[],https://courses.monoprix.fr/images-v3/0c44253f-c4a3-4340-9d37-d41e42b9d14a/d76dc3ea-89ea-453d-908c-8fa75188e0ef/300x300.jpg
Hygiène & Beauté,6bf8659c-5de2-49b4-afac-f4ae00f49701,MPX_6582945,Le petit Marseillais Gel douche & bain lait Bio 650ml,5.15,7.92,"['Bio', 'Beauté bio', 'Douche, Bain et Savon bio']",Le petit Marseillais,True,False,false,,,650ml,[],https://courses.monoprix.fr/images-v3/0c44253f-c4a3-4340-9d37-d41e42b9d14a/8c2c72d1-beed-469c-bdad-608c2b31e43d/300x300.jpg
Hygiène & Beauté,67dc9bd3-9979-4fc6-9dcb-0aac6316424c,MPX_4110637,Le Petit Marseillais Gel Douche Amande Douce Bio 250ml,3.65,14.6,"['Bio', 'Beauté bio', 'Douche, Bain et Savon bio']",Le petit Marseillais,True,False,false,,,250ml,['Produit bio'],https://courses.monoprix.fr/images-v3/0c44253f-c4a3-4340-9d37-d41e42b9d14a/feca602b-e79d-4b22-a05a-c340d20a0cf4/300x300.jpg
Hygiène & Beauté,bcec9ed3-84a8-4b18-8c35-aec6c3304722,MPX_4869413,Sanex Gel Douche Zéro 0% Essentials Peaux normales 475ml,5.65,11.89,"['Hygiène & Beauté', 'Soins du corps', 'Gels Douche, Bain et Savons', 'Gels douche']",Sanex,True,False,false,,,475ml,[],https://courses.monoprix.fr/images-v3/0c44253f-c4a3-4340-9d37-d41e42b9d14a/8b5bc92c-80ef-4bc8-b58c-2c750431c0f0/300x300.jpg
Hygiène & Beauté,17d05c31-7d53-4e93-bd10-d8f65f3f9bd7,MPX_2837443,Dessange Nutri-Extrême Masque Anti-déssèchement Cheveux Secs 250ml,7.99,31.96,"['Hygiène & Beauté', 'Soins des cheveux', 'Soins et Masques', 'Masques']",Dessange,True,False,false,,,250ml,[],https://courses.monoprix.fr/images-v3/0c44253f-c4a3-4340-9d37-d41e42b9d14a/86d90d6a-7d66-4965-a674-cdd3ccb66309/300x300.jpg
Hygiène & Beauté,ac3bd96a-ba90-47be-8e1d-eb3250d923ce,MPX_2411131,Monoprix Brosse À Dents Enfant 2-6 Ans X1,0.99,0.99,"['Nos sélections', 'Boutique Enfants', 'Douche, Shampoing, Hygiène dentaire et autres']",Monoprix,True,False,false,,,,[],https://courses.monoprix.fr/images-v3/0c44253f-c4a3-4340-9d37-d41e42b9d14a/79cabaea-df8d-4cbd-8d8c-e681c2222e8f/300x300.jpg
Hygiène & Beauté,74a9c98a-f144-4c5b-8941-791d8d9799e8,MPX_2427918,Monoprix Crème Lavante À L'Argan & Karité 300Ml,1.79,5.97,"['Hygiène & Beauté', 'Soins du corps', 'Gels Douche, Bain et Savons', 'Gels douche']",Monoprix,True,False,false,,,300ml,[],https://courses.monoprix.fr/images-v3/0c44253f-c4a3-4340-9d37-d41e42b9d14a/d0fd7868-f1e2-47ff-92ea-cc9a2f0f1e2d/300x300.jpg
Hygiène & Beauté,d153d7d4-fc58-4753-9829-a6a6f804dc11,MPX_2339870,Sanogyl Brosse À Dents Interdentaire Souple 1 Unité,3.89,3.89,"['Hygiène & Beauté', 'Hygiène dentaire', 'Brosses à dents manuelles', 'Brosses à dents souples']",Sanogyl,True,False,false,,,,[],https://courses.monoprix.fr/images-v3/0c44253f-c4a3-4340-9d37-d41e42b9d14a/1441f220-143b-4490-a2bb-e7ef8e09972d/300x300.jpg
Hygiène & Beauté,1d66f9db-a613-469f-83de-ffb24720de97,MPX_3181240,Nett Tampons super x24,3.95,3.95,"['Hygiène & Beauté', 'Hygiène féminine et Incontinence', 'Tampons']",Nett,True,False,false,,,,[],https://courses.monoprix.fr/images-v3/0c44253f-c4a3-4340-9d37-d41e42b9d14a/cf801e34-3c46-408f-aa61-bbed03a1bf6a/300x300.jpg
Hygiène & Beauté,8e4798dd-a49d-4f19-9641-d5a5053947e6,MPX_2018880,Monoprix Protège-Lingerie Plat Enrichi À L'Aloe Vera X60,2.95,2.95,"['Hygiène & Beauté', 'Hygiène féminine et Incontinence', 'Protège-slips']",Monoprix,True,False,false,1.0,YEAR,,[],https://courses.monoprix.fr/images-v3/0c44253f-c4a3-4340-9d37-d41e42b9d14a/31e8641c-da3b-4d19-9462-3ceccf171780/300x300.jpg
Hygiène & Beauté,30020c10-7c56-4527-94f1-366797ffc1c3,MPX_6625690,Colgate Brosses à Dents Multi-Action Medium x4,2.95,0.74,"['Hygiène & Beauté', 'Hygiène dentaire', 'Brosses à dents manuelles', 'Brosses à dents medium et dures']",Colgate,True,False,false,,,4 par pack,[],https://courses.monoprix.fr/images-v3/0c44253f-c4a3-4340-9d37-d41e42b9d14a/ad97c01f-8144-4935-873a-d4d199519b66/300x300.jpg
Hygiène & Beauté,ea5f631e-8172-4022-a88e-7182cd5c5c44,MPX_2222216,Oral B Fil Dentaire Menthole 50M,3.49,3.49,"['Hygiène & Beauté', 'Hygiène dentaire', 'Soins et Accessoires dentaires']",Oral-B,True,False,false,,,,[],https://courses.monoprix.fr/images-v3/0c44253f-c4a3-4340-9d37-d41e42b9d14a/035de399-64d7-45a6-a46c-c95fa9fa3488/300x300.jpg
Hygiène & Beauté,c0a28ab0-2a94-49a7-a7a8-914c8827de1e,MPX_3564688,Nana Protège-Lingerie Puresensitive,2.27,2.27,"['Hygiène & Beauté', 'Hygiène féminine et Incontinence', 'Protège-slips']",Nana,True,False,false,,,,[],https://courses.monoprix.fr/images-v3/0c44253f-c4a3-4340-9d37-d41e42b9d14a/6a859983-271e-4c0f-8336-64ee16d592c0/300x300.jpg
Hygiène & Beauté,4ce6965c-f21c-4d76-8a53-3c9875511739,MPX_6688042,Narta déodorant Femme Cologne efficacité 48h 170ml,3.89,22.88,"['Hygiène & Beauté', 'Soins du corps', 'Déodorants', 'Sprays']",Narta,True,False,false,,,170ml,[],https://courses.monoprix.fr/images-v3/0c44253f-c4a3-4340-9d37-d41e42b9d14a/bb31abba-54e3-4460-afeb-4f9f4ee52999/300x300.jpg
Hygiène & Beauté,4a9341ea-f39e-47cd-b9c0-04713f7f52a4,MPX_6647040,Cadum Gel Corps et Cheveux Hypoallergenique 500ml,3.89,7.78,"['Hygiène & Beauté', 'Soins du corps', 'Gels Douche, Bain et Savons', 'Gels douche']",Cadum,True,False,false,,,500ml,[],https://courses.monoprix.fr/images-v3/0c44253f-c4a3-4340-9d37-d41e42b9d14a/60e52214-90fa-4b1a-aec2-120c9569093a/300x300.jpg
Hygiène & Beauté,dd29b38c-b183-4b04-9b2f-2838ec831029,MPX_1399113,"Quies Protection Auditive, Cire Naturelle, Confort Longue Durée, Idéal Pour Dormir, 27 Décibels",6.45,6.45,"['Hygiène & Beauté', 'Petite Pharmacie', 'Sommeil']",QUIES,True,False,false,1.0,YEAR,,[],https://courses.monoprix.fr/images-v3/0c44253f-c4a3-4340-9d37-d41e42b9d14a/35ce02e5-2257-44aa-9098-0760085662f2/300x300.jpg
Hygiène & Beauté,ab5f95f3-0d84-4707-923e-4b8d86ca14af,MPX_6603305,Always ultra serviettes secure night extra taille 5 ailettes x16,6.55,6.55,"['Hygiène & Beauté', 'Hygiène féminine et Incontinence', 'Serviettes hygièniques']",Always,True,False,false,,,,[],https://courses.monoprix.fr/images-v3/0c44253f-c4a3-4340-9d37-d41e42b9d14a/b44283dc-8a01-4221-8d23-073cd490a064/300x300.jpg
Hygiène & Beauté,615c3d36-9fe9-4f5f-b8ee-e2cb674917bc,MPX_3057839,Tena Serviettes Discreet Mini x20,5.25,5.25,"['Hygiène & Beauté', 'Hygiène féminine et Incontinence', 'Serviettes hygièniques']",TENA,True,False,false,,,,[],https://courses.monoprix.fr/images-v3/0c44253f-c4a3-4340-9d37-d41e42b9d14a/67151952-285f-40ae-8f53-df17d9d74ef7/300x300.jpg
Hygiène & Beauté,752f7563-98d4-4b7f-86ed-d7efc68a4dc0,MPX_1703507,Vademecum Dentifrice Bio Protection Complète 75ml,3.65,48.67,"['Bio', 'Beauté bio', 'Dentifrice bio']",Vademecum,True,False,false,,,75ml,[],https://courses.monoprix.fr/images-v3/0c44253f-c4a3-4340-9d37-d41e42b9d14a/56f546e2-6253-4168-8621-3d3ea2da2589/300x300.jpg
Hygiène & Beauté,858bbd13-9c52-4311-afae-6c959c060203,MPX_3181241,Nett Tampons Super Plus Sans Applicateur X24,4.09,4.09,"['Hygiène & Beauté', 'Hygiène féminine et Incontinence', 'Tampons']",Nett,True,False,false,,,,[],https://courses.monoprix.fr/images-v3/0c44253f-c4a3-4340-9d37-d41e42b9d14a/6b4029c9-64b0-480f-856c-6c4d0be5b3ed/300x300.jpg
Hygiène & Beauté,718700c7-753d-417c-ab82-7629041ddc40,MPX_4869415,Sanex Gel Douche Zéro 0% Essentials Peaux sensibles 475ml,5.65,11.89,"['Hygiène & Beauté', 'Soins du corps', 'Gels Douche, Bain et Savons', 'Gels douche']",Sanex,True,False,false,,,475ml,[],https://courses.monoprix.fr/images-v3/0c44253f-c4a3-4340-9d37-d41e42b9d14a/45dec5e7-cb90-48cc-8ef5-b681eb174082/300x300.jpg
Hygiène & Beauté,e290f047-0dd5-47d4-8ddd-b9e710e07ddf,MPX_2834735,Monoprix Coton Maxi Ovales Super Soft X80,2.85,2.85,"['Hygiène & Beauté', 'Papiers toilette, Mouchoirs et Cotons', 'Cotons']",Monoprix,True,False,false,,,,[],https://courses.monoprix.fr/images-v3/0c44253f-c4a3-4340-9d37-d41e42b9d14a/e2be6c5b-b4c7-43f2-ae7a-40df01243a96/300x300.jpg
Hygiène & Beauté,359fc484-5850-40e7-85e2-44b5d7b17fc5,MPX_6575874,Gillette Fusion5 Lames De Rasoir x6,25.5,4.25,"['Hygiène & Beauté', 'Homme', 'Rasage et Soin de la barbe', 'Rasoirs rechargeables et Lames']",Gillette,True,False,false,,,6 par pack,[],https://courses.monoprix.fr/images-v3/0c44253f-c4a3-4340-9d37-d41e42b9d14a/a21c0936-5aef-45ef-815c-3eda6d0a4263/300x300.jpg
Hygiène & Beauté,b6b7cda4-ab08-478d-a2ca-d00d34f5443d,MPX_6625673,Signal White Now Dentifrice Gold 75ml,4.59,61.2,"['Hygiène & Beauté', 'Hygiène dentaire', 'Dentifrices', 'Blancheur et fraîcheur']",Signal,True,False,false,,,75ml,[],https://courses.monoprix.fr/images-v3/0c44253f-c4a3-4340-9d37-d41e42b9d14a/11636f8c-9cb0-454c-8d2d-b93d92998f04/300x300.jpg
Hygiène & Beauté,5f8b5575-5540-4b83-af32-dbd669660031,MPX_6631748,L'Oréal Paris elseve total repair 5 shampooing reconstituant 350ml,5.95,17.0,"['Hygiène & Beauté', 'Soins des cheveux', 'Shampoings', 'Cheveux secs et Abimés']",L'Oréal Paris,True,False,false,,,350ml,[],https://courses.monoprix.fr/images-v3/0c44253f-c4a3-4340-9d37-d41e42b9d14a/69ef64a0-7654-4561-9bbe-162b9ee8050c/300x300.jpg
Hygiène & Beauté,391e2ff2-e0ac-4787-8d60-9c695d08c68c,MPX_3822647,Le Petit Marseillais Shampooing Anti-Pelliculaire Bio 250ml,3.75,15.0,"['Hygiène & Beauté', 'Beauté Bio', 'Cheveux bio']",Le petit Marseillais,True,False,false,,,250ml,[],https://courses.monoprix.fr/images-v3/0c44253f-c4a3-4340-9d37-d41e42b9d14a/96d95b44-4153-4efe-b982-5bfc86be69fa/300x300.jpg
Hygiène & Beauté,35f14600-17ff-4167-959b-a4b53f81c478,MPX_1951547,Monoprix BIO Savon amande douce 150g,3.95,26.33,"['Bio', 'Beauté bio', 'Douche, Bain et Savon bio']",Monoprix Bio,True,False,false,1.0,YEAR,150g,[],https://courses.monoprix.fr/images-v3/0c44253f-c4a3-4340-9d37-d41e42b9d14a/6788e1f9-537d-47fa-bc29-720cbe07c4bc/300x300.jpg
Hygiène & Beauté,9c054dbc-6912-49fa-9fa5-a2b1f7c1649e,MPX_1860366,Monoprix Crème Lavante Dermoprotectrice 300Ml,1.75,5.65,"['Hygiène & Beauté', 'Soins du corps', 'Gels Douche, Bain et Savons', 'Gels douche']",Monoprix,True,False,false,,,310ml,[],https://courses.monoprix.fr/images-v3/0c44253f-c4a3-4340-9d37-d41e42b9d14a/8434c742-5a1a-498e-ac19-34927198647c/300x300.jpg
Hygiène & Beauté,c08b1e36-6438-45a9-bd2a-48f7dca66c72,MPX_657898,Mercurochrome Alcool Modifié 90% Vol 100ml,3.79,37.9,"['Hygiène & Beauté', 'Petite Pharmacie', 'Pansements, bandes et désinfectants']",Mercurochrome,True,False,false,6.0,MONTH,100ml,[],https://courses.monoprix.fr/images-v3/0c44253f-c4a3-4340-9d37-d41e42b9d14a/adc8b3c2-9bea-4334-a4c9-e02e2f1a3a91/300x300.jpg
Hygiène & Beauté,61998856-c401-42bc-a193-4903f6efa010,MPX_6584145,Garnier Ultra Doux 5 Plantes Bienfaisantes Shampooing 300ml,3.99,13.3,"['Hygiène & Beauté', 'Soins des cheveux', 'Shampoings', 'Cheveux normaux']",Ultra Doux,True,False,false,,,300ml,[],https://courses.monoprix.fr/images-v3/0c44253f-c4a3-4340-9d37-d41e42b9d14a/cc0134c0-9bd7-4220-a0b3-c2c796fadcfb/300x300.jpg
Hygiène & Beauté,849850b5-801d-486c-9d3f-66be3e5502c1,MPX_2440654,Tena Protège-Slip Discreet Ultra Mini X28,3.49,3.49,"['Hygiène & Beauté', 'Hygiène féminine et Incontinence', 'Protège-slips']",TENA,True,False,false,,,,[],https://courses.monoprix.fr/images-v3/0c44253f-c4a3-4340-9d37-d41e42b9d14a/93f5a90a-195b-4e38-9512-fd3554785fee/300x300.jpg
Hygiène & Beauté,46a26edd-0bbb-4cda-8098-c419486ce607,MPX_3576042,Monoprix Dissolvant Express 200Ml,2.39,11.95,"['Hygiène & Beauté', 'Maquillage', 'Ongles']",Monoprix,True,False,false,,,200ml,[],https://courses.monoprix.fr/images-v3/0c44253f-c4a3-4340-9d37-d41e42b9d14a/22ff8095-5c07-46d3-ba68-c9f6f0c45dda/300x300.jpg
Hygiène & Beauté,8dc6cf93-7751-4a75-a046-5f839493692a,MPX_34134,"Nivea Crème De Soin Hydratation Intense, Huile De Jojoba Et Vitamine E 75ml",2.59,34.53,"['Nos sélections', 'Inspiration du moment', '& Routine beauté hiver', 'Soin et hydratation visage']",Nivea,True,False,false,,,75ml,[],https://courses.monoprix.fr/images-v3/0c44253f-c4a3-4340-9d37-d41e42b9d14a/ff57dce8-40a8-49be-b364-1e972e64e76e/300x300.jpg
Hygiène & Beauté,8333ba66-d228-4fd6-a52d-c6dce6b2b925,MPX_2293978,L'Oréal Paris Men Expert Déodorant Homme Bille 48h Shirt Protect Anti-traces 50ml,5.29,105.8,"['Hygiène & Beauté', 'Soins du corps', 'Déodorants', 'Homme']",L'Oréal Paris,True,False,false,,,50ml,[],https://courses.monoprix.fr/images-v3/0c44253f-c4a3-4340-9d37-d41e42b9d14a/4fb264ea-40bc-4dd9-910b-8a74a9950166/300x300.jpg
Hygiène & Beauté,74b10fa4-2a71-47eb-9b48-b1fced8dc9d8,MPX_6582946,Le petit Marseillais Gel douche & bain Pamplemousse orange Bio 650ml,5.15,7.92,"['Bio', 'Beauté bio', 'Douche, Bain et Savon bio']",Le petit marseillais,True,False,false,,,650ml,[],https://courses.monoprix.fr/images-v3/0c44253f-c4a3-4340-9d37-d41e42b9d14a/6d974a4a-9744-49d7-9bed-07488b4a5187/300x300.jpg
Hygiène & Beauté,be6f7eee-2c70-49ff-a58c-4335704a39e1,MPX_2412487,Monsavon Déodorant Femme Spray Antibactérien au Lait 100ml,3.79,37.9,"['Hygiène & Beauté', 'Soins du corps', 'Déodorants', 'Sprays']",Monsavon,True,False,false,,,100ml,[],https://courses.monoprix.fr/images-v3/0c44253f-c4a3-4340-9d37-d41e42b9d14a/3e3ac4cc-232b-4742-aca8-8b893211a42f/300x300.jpg
Hygiène & Beauté,51f256d8-16b5-4bd4-add0-1899f4ff1ee4,MPX_6574772,Elmex Bain de bouche Sensitive Dents sensibles 400ml,5.95,14.88,"['Hygiène & Beauté', 'Hygiène dentaire', 'Bains de bouche']",Elmex,True,False,false,,,400ml,[],https://courses.monoprix.fr/images-v3/0c44253f-c4a3-4340-9d37-d41e42b9d14a/f84c57c5-9782-43bd-b296-ebc1ba9cc3d1/300x300.jpg
Hygiène & Beauté,cb7a2759-a578-4609-966f-529625b2c1df,MPX_2292207,Monoprix Culottes Fuites Urinaires Mixtes Adulte Large Taille 52-60 X10,11.9,11.9,"['Hygiène & Beauté', 'Hygiène féminine et Incontinence', 'Incontinence', 'Incontinence Femme']",Monoprix,True,False,false,,,,[],https://courses.monoprix.fr/images-v3/0c44253f-c4a3-4340-9d37-d41e42b9d14a/06775daa-84e9-4f34-b1c0-06b304e69365/300x300.jpg
Hygiène & Beauté,b9f5d3eb-413e-471f-810e-ae2e9d8812a2,MPX_6579789,Garnier Ultra Doux Shampooing Délicatesse d'Avoine Crème de Riz 300ml,3.99,13.3,"['Hygiène & Beauté', 'Soins des cheveux', 'Shampoings', 'Cheveux fins']",Garnier,True,False,false,,,300ml,[],https://courses.monoprix.fr/images-v3/0c44253f-c4a3-4340-9d37-d41e42b9d14a/d29524f7-49d7-4d0a-b8c1-9b00c829ed8f/300x300.jpg
Hygiène & Beauté,0cc453ae-b496-4648-8181-8bf19f4c5765,MPX_2246288,Mixa Démaquillant Yeux Tolérance Optimale Peaux Sensibles 125ml,4.99,39.92,"['Hygiène & Beauté', 'Soins du visage', 'Démaquillants et Nettoyants', 'Yeux']",Mixa,True,False,false,,,125ml,[],https://courses.monoprix.fr/images-v3/0c44253f-c4a3-4340-9d37-d41e42b9d14a/ff087579-a98e-419e-b056-eabee1f2c451/300x300.jpg
Hygiène & Beauté,55b63159-b447-49e2-9b4e-3950131e731c,MPX_6639251,Oral-B 3D White Charbon Dentifrice 75ml,4.99,66.53,"['Hygiène & Beauté', 'Hygiène dentaire', 'Dentifrices', 'Blancheur et fraîcheur']",Oral-B,True,False,false,1.0,YEAR,75ml,[],https://courses.monoprix.fr/images-v3/0c44253f-c4a3-4340-9d37-d41e42b9d14a/0bd15b6e-42a0-4ad4-b8bf-1a4a7cbfc72c/300x300.jpg
Hygiène & Beauté,615930f8-47e1-43f2-9cfa-eac995b2e2ad,MPX_3822642,Le Petit Marseillais Shampooing Hydratation à l'eau de Coco Bio 250ml,3.75,15.0,"['Hygiène & Beauté', 'Beauté Bio', 'Cheveux bio']",Le Petit Marseillais,True,False,false,,,250ml,[],https://courses.monoprix.fr/images-v3/0c44253f-c4a3-4340-9d37-d41e42b9d14a/ae7c1530-4d03-46e0-9693-9e99f07358ea/300x300.jpg
Hygiène & Beauté,3efc80bc-b981-4443-8def-4e812d21b663,MPX_4077992,Eco By Naty Protège-Slips Normal X32,3.49,0.11,"['Hygiène & Beauté', 'Hygiène féminine et Incontinence', 'Protège-slips']",ECO by Naty,True,False,false,,,32 par pack,[],https://courses.monoprix.fr/images-v3/0c44253f-c4a3-4340-9d37-d41e42b9d14a/bd026be5-f503-4070-ad69-902a18f365fe/300x300.jpg
Hygiène & Beauté,3ed2a230-35f2-4a13-a634-ed9a27230e09,MPX_2412488,Monsavon Anti-Transpirant Spray Compressé Fleur de Coton Toute Légère 100ml,3.79,37.9,"['Hygiène & Beauté', 'Soins du corps', 'Déodorants', 'Sprays']",Monsavon,True,False,false,,,100ml,[],https://courses.monoprix.fr/images-v3/0c44253f-c4a3-4340-9d37-d41e42b9d14a/2c1c0e4b-59ed-435e-908d-75fb2d61ac21/300x300.jpg
Hygiène & Beauté,51ffed04-c998-4733-bea3-b591a4e9c734,MPX_12913,Demak'Up Coton Démaquillant Disque x70,2.25,0.03,"['Hygiène & Beauté', 'Papiers toilette, Mouchoirs et Cotons', 'Cotons']",Demak'up,True,False,false,,,70 par pack,[],https://courses.monoprix.fr/images-v3/0c44253f-c4a3-4340-9d37-d41e42b9d14a/4add6f88-03e3-4285-bd25-131fb87c90ef/300x300.jpg
Hygiène & Beauté,0fc6627f-2b61-4fbc-b3c5-5eeacad3f045,MPX_6661314,Oral-B Pro-Science Advanced Dentifrice Original 75ml,5.79,77.2,"['Hygiène & Beauté', 'Hygiène dentaire', 'Dentifrices', 'Soin complet']",Oral-b,True,False,false,6.0,MONTH,75ml,[],https://courses.monoprix.fr/images-v3/0c44253f-c4a3-4340-9d37-d41e42b9d14a/c72db420-d2fc-4e52-b1eb-7ae5c0e1bc5d/300x300.jpg
Hygiène & Beauté,a2b7fb9c-c43d-4a6d-b0d9-cf4d5689f7be,MPX_3318609,Tena Culottes Nuit Pants Plus Night Medium X12,18.5,18.5,"['Hygiène & Beauté', 'Hygiène féminine et Incontinence', 'Culottes menstruelles et Cups', 'Culottes menstruelles']",TENA,True,False,false,,,,[],https://courses.monoprix.fr/images-v3/0c44253f-c4a3-4340-9d37-d41e42b9d14a/000526ee-b142-4037-88c3-6ca9453b9b97/300x300.jpg
Hygiène & Beauté,a59378f7-95d8-4262-880c-dfa870e427d9,MPX_6603593,Oral-B dentifrice complète plus protège et nettoie 75ml,3.19,42.53,"['Hygiène & Beauté', 'Hygiène dentaire', 'Dentifrices', 'Soin complet']",Oral-B,True,False,false,1.0,YEAR,75ml,[],https://courses.monoprix.fr/images-v3/0c44253f-c4a3-4340-9d37-d41e42b9d14a/b3046ce1-05d0-4f3f-98d3-f5d9e0d00f67/300x300.jpg
Hygiène & Beauté,c58fea58-0b9f-44d4-b373-d52f8ae78c2d,MPX_3429054,Parodontax Dentifrice Soin Quotidien 75ml,5.85,78.0,"['Hygiène & Beauté', 'Hygiène dentaire', 'Dentifrices', 'Soin gencives']",Parodontax,True,False,false,1.0,YEAR,75ml,[],https://courses.monoprix.fr/images-v3/0c44253f-c4a3-4340-9d37-d41e42b9d14a/03e454ed-df67-4939-9e98-54c914a3ff4c/300x300.jpg
Hygiène & Beauté,9ce1b015-311f-4f5c-9f88-1cf3f866a3d4,MPX_6702195,Dop shampooing 2en1 Démêlant à l’Amande douce 400ml,3.09,7.73,"['Hygiène & Beauté', 'Soins des cheveux', 'Shampoings', 'Cheveux secs et Abimés']",Dop,True,False,false,,,400ml,[],https://courses.monoprix.fr/images-v3/0c44253f-c4a3-4340-9d37-d41e42b9d14a/d8d1b317-f4fb-4bdc-90e1-1d155349bd84/300x300.jpg
Hygiène & Beauté,994e9be6-925f-4373-b063-4ff1df5d16c4,MPX_6622188,Dove Déodorant Invisible Dry 200ml,4.75,23.75,"['Hygiène & Beauté', 'Soins du corps', 'Déodorants', 'Sprays']",Dove,True,False,false,,,200ml,[],https://courses.monoprix.fr/images-v3/0c44253f-c4a3-4340-9d37-d41e42b9d14a/69529506-5b65-42b3-be26-38d8bd959a93/300x300.jpg
Hygiène & Beauté,8deb9352-ac5a-4f75-add9-e48a68a2f9b2,MPX_4056566,Le Petit Marseillais Savon à la rose sauvage Bio 290ml,2.99,10.31,"['Bio', 'Beauté bio', 'Douche, Bain et Savon bio']",Le petit marseillais,True,False,false,,,290ml,[],https://courses.monoprix.fr/images-v3/0c44253f-c4a3-4340-9d37-d41e42b9d14a/126497e9-c8c2-48b0-9736-11351094986f/300x300.jpg
Hygiène & Beauté,f8bf2e09-3021-4340-b753-399ab52eea7c,MPX_2189660,"Quies Protection Auditive, Mousse Confort Fluo. X8",8.09,1.01,"['Nos sélections', 'Inspiration du moment', '& Nos formats voyage', 'Accessoires']",Quies,True,False,false,,,8 par pack,[],https://courses.monoprix.fr/images-v3/0c44253f-c4a3-4340-9d37-d41e42b9d14a/978ccd2d-ee8b-49c3-9c5a-a5cc0fa5df34/300x300.jpg
Hygiène & Beauté,23e19e1e-a96f-4806-8428-e791b395dc67,MPX_4286400,Kleenex Boite De Mouchoir Disney,2.09,0.04,"['Hygiène & Beauté', 'Papiers toilette, Mouchoirs et Cotons', 'Mouchoirs', 'Boîtes']",Kleenex,True,False,false,,,48 par pack,[],https://courses.monoprix.fr/images-v3/0c44253f-c4a3-4340-9d37-d41e42b9d14a/3ced1123-2f4d-48c6-84b3-71d2422dcbe7/300x300.jpg
Hygiène & Beauté,965880b3-423d-426a-8993-d2a188692676,MPX_1107034,Monsavon Savon Lavant Antibactérien L'Authentique 4x100g,3.25,8.13,"['Hygiène & Beauté', 'Soins du corps', 'Gels Douche, Bain et Savons', 'Savons Solides']",Monsavon,True,False,false,,,400g,[],https://courses.monoprix.fr/images-v3/0c44253f-c4a3-4340-9d37-d41e42b9d14a/06ae0cfe-ac12-42ca-81ac-66cf4cbd5f57/300x300.jpg
Hygiène & Beauté,3b64aec5-99f0-45dd-b933-c29d53c881f8,MPX_6631746,L'Oréal Paris Elseve Color-Vive Après-Shampooing Soin Protection Couleur 300ml,5.95,19.83,"['Hygiène & Beauté', 'Soins des cheveux', 'Après-Shampoings', 'Cheveux colorés et Méchés']",L'Oréal Paris,True,False,false,,,300ml,[],https://courses.monoprix.fr/images-v3/0c44253f-c4a3-4340-9d37-d41e42b9d14a/22ba1742-efbe-4c7d-91c6-b181bd9f521d/300x300.jpg
Hygiène & Beauté,423bd39c-7daf-4943-99c5-643d9c237dfe,MPX_6631745,L'Oréal Paris elseve nutri gloss démêlant embellisseur 300ml,5.95,19.83,"['Hygiène & Beauté', 'Soins des cheveux', 'Soins et Masques', 'Crèmes et Soins']",L'Oréal Paris,True,False,false,,,300ml,[],https://courses.monoprix.fr/images-v3/0c44253f-c4a3-4340-9d37-d41e42b9d14a/40aea6c9-3e40-4f98-b4c1-bb181e63833f/300x300.jpg
Hygiène & Beauté,021102d5-451d-4d93-aa2f-656b1e5206aa,MPX_6631741,L'Oréal Paris Elseve Dream Long Soin Après-Shampooing 250ml,5.95,23.8,"['Hygiène & Beauté', 'Soins des cheveux', 'Après-Shampoings', 'Cheveux secs et Abimés']",L'Oréal Paris,True,False,false,,,250ml,[],https://courses.monoprix.fr/images-v3/0c44253f-c4a3-4340-9d37-d41e42b9d14a/9ee46232-143a-47a9-86db-c9199b92d74c/300x300.jpg
Hygiène & Beauté,163a5361-0ac1-4043-9b2e-5cd323cf1556,MPX_3476831,Tena Protections Men Niveau 3 X8,5.99,0.75,"['Hygiène & Beauté', 'Homme', 'Incontinence']",TENA,True,False,false,,,8 par pack,[],https://courses.monoprix.fr/images-v3/0c44253f-c4a3-4340-9d37-d41e42b9d14a/276878fc-5f72-410c-b06f-97875f1f2d44/300x300.jpg
Hygiène & Beauté,1281d359-5f32-4da9-9a60-5bd1eb53a590,MPX_2481495,Lotus Papier Toilette Just.1 x6,6.59,1.1,"['Entretien & Nettoyage', 'Essuie tout et Papier toilette', 'Papier toilette', 'Par 6']",Lotus,True,False,false,,,6 par pack,[],https://courses.monoprix.fr/images-v3/0c44253f-c4a3-4340-9d37-d41e42b9d14a/1a32cc37-5a24-4c56-a5b2-02c6f17f6669/300x300.jpg
Hygiène & Beauté,b70d9dd4-ecab-4208-96d4-aa04d7488aaa,MPX_2481494,Lotus Papier Toilette Confort Blanc X6 Rouleaux,3.09,0.52,"['Hygiène & Beauté', 'Papiers toilette, Mouchoirs et Cotons', 'Papiers toilette', 'Par 6']",Lotus,True,False,false,,,6 par pack,[],https://courses.monoprix.fr/images-v3/0c44253f-c4a3-4340-9d37-d41e42b9d14a/ab66b0fe-ea7a-4cf2-b37b-6516cbfa6ce4/300x300.jpg
Hygiène & Beauté,649834a8-86b4-47e5-8ee5-5b1a82d8237a,MPX_1172070,Monoprix Je Suis Vert Papier Toilette Compact X4,3.25,0.81,"['Bio', 'Entretien écologique', 'Essuie tout et Papier toilette écologique']",Monoprix Je Suis Vert,True,False,false,,,4 par pack,[],https://courses.monoprix.fr/images-v3/0c44253f-c4a3-4340-9d37-d41e42b9d14a/e1729344-4951-4dea-82ae-960b4039dbea/300x300.jpg
Hygiène & Beauté,905559df-0fee-42a5-81e6-9ecdefd9c800,MPX_4286401,Kleenex Boite Familiale Mouchoirs,2.65,0.02,"['Nos sélections', 'Inspiration du moment', '& Sélection gros formats', 'Hygiène et Beauté']",Kleenex,True,False,false,,,128 par pack,[],https://courses.monoprix.fr/images-v3/0c44253f-c4a3-4340-9d37-d41e42b9d14a/02ba31b8-cd2e-47f7-b35e-164dd94cad9b/300x300.jpg
Hygiène & Beauté,bafdc4a4-5356-4061-a44d-96019ed205a8,MPX_2008360,Monoprix Etuis Mouchoirs Compacts Douceur & Résistance X15,1.29,1.29,"['Hygiène & Beauté', 'Papiers toilette, Mouchoirs et Cotons', 'Mouchoirs', 'Etuis']",Monoprix,True,False,false,,,,[],https://courses.monoprix.fr/images-v3/0c44253f-c4a3-4340-9d37-d41e42b9d14a/0c5943b4-c5c5-4e0a-9e01-8777dc0682e3/300x300.jpg
Hygiène & Beauté,c7a84297-65db-462f-b10a-b14e15d686f2,MPX_1258443,Lotus Mouchoirs Boîte Cubique,2.35,0.05,"['Hygiène & Beauté', 'Papiers toilette, Mouchoirs et Cotons', 'Mouchoirs', 'Boîtes']",Lotus,True,False,false,,,48 par pack,[],https://courses.monoprix.fr/images-v3/0c44253f-c4a3-4340-9d37-d41e42b9d14a/0b2ed8c8-baac-43a4-89cf-6774c39b4458/300x300.jpg
Hygiène & Beauté,276b645b-0722-4e75-b418-8d81a74efa81,MPX_3391325,Kleenex Mouchoirs Boite Original,3.49,0.02,"['Hygiène & Beauté', 'Papiers toilette, Mouchoirs et Cotons', 'Mouchoirs', 'Boîtes']",Kleenex,True,False,false,,,2 x 75 par pack,[],https://courses.monoprix.fr/images-v3/0c44253f-c4a3-4340-9d37-d41e42b9d14a/e0555b88-d1ff-49a6-a0ee-7fada0f3454b/300x300.jpg
Hygiène & Beauté,a308a302-a96c-4eac-9fb3-565a87dd6f8e,MPX_2811179,Lotus Papier Toilette Humide Sensitive x42,2.69,0.06,"['Hygiène & Beauté', 'Papiers toilette, Mouchoirs et Cotons', 'Papiers toilette', 'Par 4']",Lotus,True,False,false,,,42 par pack,[],https://courses.monoprix.fr/images-v3/0c44253f-c4a3-4340-9d37-d41e42b9d14a/53de47d6-d73f-4471-976c-7931e7e1f314/300x300.jpg
Hygiène & Beauté,f04a8411-a83d-4f72-95ce-19b21a14b3a9,MPX_3526386,Monoprix Bâtonnets Coton Tige Papier Embout 100% Coton x160,1.09,0.01,"['Hygiène & Beauté', 'Papiers toilette, Mouchoirs et Cotons', 'Cotons-tiges']",Monoprix,True,False,false,,,160 par pack,[],https://courses.monoprix.fr/images-v3/0c44253f-c4a3-4340-9d37-d41e42b9d14a/eaf2b4b0-49be-4313-91ad-582d04612840/300x300.jpg
Hygiène & Beauté,57940323-0fbf-4672-9def-339cb59290e3,MPX_2482851,Monoprix Boîte De Mouchoirs Cube,1.99,0.03,"['Hygiène & Beauté', 'Papiers toilette, Mouchoirs et Cotons', 'Mouchoirs', 'Boîtes']",Monoprix,True,False,false,,,60 par pack,[],https://courses.monoprix.fr/images-v3/0c44253f-c4a3-4340-9d37-d41e42b9d14a/add1b88d-e13d-4813-9c5b-27778f3c7b67/300x300.jpg
Hygiène & Beauté,d125d83a-3a30-4995-9b82-0c9fa53adf20,MPX_3391326,Kleenex Mouchoirs Boite Ultrasoft x64,2.65,0.04,"['Nos sélections', 'Inspiration du moment', '& Sélection gros formats', 'Hygiène et Beauté']",Kleenex,True,False,false,,,64 par pack,[],https://courses.monoprix.fr/images-v3/0c44253f-c4a3-4340-9d37-d41e42b9d14a/df2502fd-23cb-4f63-8d52-37b3b09423cd/300x300.jpg
Hygiène & Beauté,47ebc961-679b-4877-b79d-d1cd3b7ecc33,MPX_6661352,Le Petit Marseillais Crème Lavante Mains Lait recharge 250ml,1.29,5.16,"['Hygiène & Beauté', 'Soins du corps', 'Gels Douche, Bain et Savons', 'Recharges savon liquide']",Le petit marseillais,True,False,false,,,250ml,[],https://courses.monoprix.fr/images-v3/0c44253f-c4a3-4340-9d37-d41e42b9d14a/bc8d937a-143b-4c07-bb91-0887ebe716c8/300x300.jpg
Hygiène & Beauté,5f77c2f1-21fb-4725-baf0-7ac0994cd528,MPX_3069879,Lotus Papier Toilette Ultra Doux x6,5.49,0.92,"['Entretien & Nettoyage', 'Essuie tout et Papier toilette', 'Papier toilette', 'Par 6']",Lotus,True,False,false,,,6 par pack,[],https://courses.monoprix.fr/images-v3/0c44253f-c4a3-4340-9d37-d41e42b9d14a/fec5b1ed-1f24-4aba-838b-f9409858daab/300x300.jpg
Hygiène & Beauté,092e8193-a286-408d-8055-99eececd7fe6,MPX_4317250,Monoprix mouchoirs étuis compacts recyclées x12,2.05,2.05,"['Hygiène & Beauté', 'Papiers toilette, Mouchoirs et Cotons', 'Mouchoirs', 'Etuis']",Monoprix,True,False,false,,,,[],https://courses.monoprix.fr/images-v3/0c44253f-c4a3-4340-9d37-d41e42b9d14a/8e90aced-f49a-49aa-87d5-f1d5c1db1d2e/300x300.jpg
Hygiène & Beauté,32c89990-ddd0-4a8b-8f93-904722b50273,MPX_6626821,Lotus Boîte Mouchoirs Classic+ Pur Blanc x80,1.99,1.99,"['Hygiène & Beauté', 'Papiers toilette, Mouchoirs et Cotons', 'Mouchoirs', 'Boîtes']",Lotus,True,False,false,,,,[],https://courses.monoprix.fr/images-v3/0c44253f-c4a3-4340-9d37-d41e42b9d14a/acd3d88c-0c20-48e0-b7a2-181479fe122a/300x300.jpg
Hygiène & Beauté,b73d781c-da59-4b5d-80cc-325779dbdb98,MPX_3511144,Lotus Lotus Coton Tige Bio x160,1.75,0.01,"['Bio', 'Beauté bio', 'Coton bio']",LOTUS,True,False,false,,,160 par pack,[],https://courses.monoprix.fr/images-v3/0c44253f-c4a3-4340-9d37-d41e42b9d14a/3e22eac7-cbd6-47e0-9bff-e8b38804f43a/300x300.jpg
Hygiène & Beauté,9d6aaca7-c5d4-4625-a101-dbe8294917e1,MPX_4797,Signal Dentifrice Protection Caries calcium  fluor actifs 75ml,1.19,15.87,"['Hygiène & Beauté', 'Hygiène dentaire', 'Dentifrices', 'Soin complet']",Signal,True,False,false,,,75ml,[],https://courses.monoprix.fr/images-v3/0c44253f-c4a3-4340-9d37-d41e42b9d14a/eda0c2ce-a871-4d44-a150-99c2435af260/300x300.jpg
Hygiène & Beauté,3ed1293c-b12a-42b0-a0a5-7bf98b587c09,MPX_2700185,Monoprix Papier toilette double épaisseur ultra-compact x4,3.49,0.87,"['Entretien & Nettoyage', 'Essuie tout et Papier toilette', 'Papier toilette', 'Par 4']",Monoprix,True,False,false,,,4 par pack,[],https://courses.monoprix.fr/images-v3/0c44253f-c4a3-4340-9d37-d41e42b9d14a/9ca0c9bd-e7d7-4425-bf8b-e3b6971700e8/300x300.jpg
Hygiène & Beauté,220d64df-dabf-4b60-b4bd-879c5e52a98f,MPX_2292203,Monoprix Bio Cotons Disques Duo X70,1.27,1.27,"['Bio', 'Beauté bio', 'Coton bio']",Monoprix Bio,True,False,false,,,,['Produit bio'],https://courses.monoprix.fr/images-v3/0c44253f-c4a3-4340-9d37-d41e42b9d14a/cc206ef2-09e4-4280-a540-39cb871d8706/300x300.jpg
Hygiène & Beauté,d240af56-4a6e-4a37-bb06-3ef8cd19fc54,MPX_2811177,Lotus Papier Toilette Humide Aloe Vera x42 feuilles,3.15,3.15,"['Hygiène & Beauté', 'Papiers toilette, Mouchoirs et Cotons', 'Papiers toilette', 'Par 4']",Lotus,True,False,false,,,,[],https://courses.monoprix.fr/images-v3/0c44253f-c4a3-4340-9d37-d41e42b9d14a/edc237dc-022d-4164-bb2c-7bd9493ca624/300x300.jpg
Hygiène & Beauté,65d3d5b8-3302-4436-8f4e-d421ea431897,MPX_3873499,Cif Spray Nettoyant Antibactérien & Brillance Multi-Usages 750Ml,2.99,3.99,"['Entretien & Nettoyage', 'Produits Nettoyants et Multi Usages', 'Multi usages', 'Spray et Recharge']",Cif,True,False,false,2.0,MONTH,750ml,[],https://courses.monoprix.fr/images-v3/0c44253f-c4a3-4340-9d37-d41e42b9d14a/04b3e6c2-b202-4e84-9ea3-fffdf6769574/300x300.jpg
Hygiène & Beauté,6125c641-9abc-4a5b-85de-b4ffe8887f3c,MPX_1948488,Palmolive Eco recharge Savon liquide Mains Antibactérien 250ml,1.15,4.6,"['Hygiène & Beauté', 'Soins du corps', 'Gels Douche, Bain et Savons', 'Recharges savon liquide']",Palmolive,True,False,false,,,250ml,[],https://courses.monoprix.fr/images-v3/0c44253f-c4a3-4340-9d37-d41e42b9d14a/f486fef3-efc0-4485-bff6-40d79e30e8a7/300x300.jpg
Hygiène & Beauté,8d7124f2-38f4-41c9-bafa-022e9a5779c4,MPX_3254353,Lotus Papier Toilette Moltonel Sans Tube x6,8.69,1.45,"['Entretien & Nettoyage', 'Essuie tout et Papier toilette', 'Papier toilette', 'Par 6']",Lotus,True,False,false,,,6 par pack,[],https://courses.monoprix.fr/images-v3/0c44253f-c4a3-4340-9d37-d41e42b9d14a/d6c9f5dc-4bcd-4b28-ac9b-606d63de2bad/300x300.jpg
Hygiène & Beauté,b3ad2f0d-6535-4c48-ac52-64547f3de512,MPX_2008364,Monoprix Etuis Mouchoirs Classiques Douceur & Résistance X15,2.25,2.25,"['Hygiène & Beauté', 'Papiers toilette, Mouchoirs et Cotons', 'Mouchoirs', 'Etuis']",Monoprix,True,False,false,,,,[],https://courses.monoprix.fr/images-v3/0c44253f-c4a3-4340-9d37-d41e42b9d14a/878c4d93-26d8-4a90-a085-51465676e3a0/300x300.jpg
Hygiène & Beauté,eb90a590-bac9-4d91-ac2e-c3bed37b4e88,MPX_1400562,Monoprix Cotons Disques Duo X70,1.29,1.29,"['Hygiène & Beauté', 'Papiers toilette, Mouchoirs et Cotons', 'Cotons']",Monoprix,True,False,false,,,,[],https://courses.monoprix.fr/images-v3/0c44253f-c4a3-4340-9d37-d41e42b9d14a/851b8118-b70a-45a8-9d39-3d06cbc09f2f/300x300.jpg
Hygiène & Beauté,a55860f5-37ea-4201-9078-851a3a060dea,MPX_4317251,Monoprix mouchoirs écologiques 100% fibres recyclées x100,1.59,0.02,"['Hygiène & Beauté', 'Papiers toilette, Mouchoirs et Cotons', 'Mouchoirs', 'Boîtes']",Monoprix,True,False,false,,,100 par pack,[],https://courses.monoprix.fr/images-v3/0c44253f-c4a3-4340-9d37-d41e42b9d14a/17d989fe-670e-42cd-8c96-66cad8e0128e/300x300.jpg
Hygiène & Beauté,d8078bf7-abd1-4d36-90f4-7efcf5c1f42f,MPX_6610030,Colgate max white dentifrice micro cristaux 75ml,2.89,38.53,"['Hygiène & Beauté', 'Hygiène dentaire', 'Dentifrices', 'Blancheur et fraîcheur']",Colgate,True,False,false,,,75ml,[],https://courses.monoprix.fr/images-v3/0c44253f-c4a3-4340-9d37-d41e42b9d14a/63b41fdf-a6d7-4ffe-9755-729c31512c2a/300x300.jpg
Hygiène & Beauté,ba220edb-7ad2-437e-84a2-f1aee6ff99ef,MPX_2335510,Monoprix Papier Toilette Aloe Vera Double Épaisseur X6,3.35,0.56,"['Entretien & Nettoyage', 'Essuie tout et Papier toilette', 'Papier toilette', 'Par 6']",Monoprix,True,False,false,,,6 par pack,[],https://courses.monoprix.fr/images-v3/0c44253f-c4a3-4340-9d37-d41e42b9d14a/22353ec3-57d0-4fc6-9806-69b2b5c7e7f5/300x300.jpg
Hygiène & Beauté,08ccc527-3bbf-4b06-a77c-2b856f1a758d,MPX_6661348,Le Petit Marseillais Gel Lavant Mains Pur Savon & Huile d'Olive recharge 250ml,1.39,5.56,"['Hygiène & Beauté', 'Soins du corps', 'Gels Douche, Bain et Savons', 'Recharges savon liquide']",Le petit Marseillais,True,False,false,,,250ml,[],https://courses.monoprix.fr/images-v3/0c44253f-c4a3-4340-9d37-d41e42b9d14a/276dfb5a-ea3e-457d-9b2a-a1318adcc9c8/300x300.jpg
Hygiène & Beauté,c325b6ce-6415-46e5-a5db-8093249366fd,MPX_726153,Signal Dentifrice Haleine pure 75ml,1.99,26.53,"['Hygiène & Beauté', 'Hygiène dentaire', 'Dentifrices', 'Blancheur et fraîcheur']",Signal,True,False,false,,,75ml,[],https://courses.monoprix.fr/images-v3/0c44253f-c4a3-4340-9d37-d41e42b9d14a/d17792d2-135b-4c3a-9209-b00074c29e66/300x300.jpg
Hygiène & Beauté,92f5c23c-ce78-4eb3-b2da-5d921796d17f,MPX_1400568,Monoprix Duo Cotons Maxi Duo X50,1.99,1.99,"['Hygiène & Beauté', 'Papiers toilette, Mouchoirs et Cotons', 'Cotons']",Monoprix,True,False,false,,,,[],https://courses.monoprix.fr/images-v3/0c44253f-c4a3-4340-9d37-d41e42b9d14a/d7bf6ff9-64f6-47e8-8152-69ad7197d9fb/300x300.jpg
Hygiène & Beauté,5ca246be-3249-4a39-8641-7594edcb271e,MPX_6626818,Lotus Classic+ Pur Blanc Boîte Mouchoirs Family Pack,2.99,0.02,"['Hygiène & Beauté', 'Papiers toilette, Mouchoirs et Cotons', 'Mouchoirs', 'Boîtes']",Lotus,True,False,false,,,130 par pack,[],https://courses.monoprix.fr/images-v3/0c44253f-c4a3-4340-9d37-d41e42b9d14a/2a1bcdfa-77dc-4e55-877e-fa6a35f4830c/300x300.jpg
Hygiène & Beauté,457ff616-0dff-4ae4-9b06-7f3b8ba145cb,MPX_2292204,Monoprix Bio Cotons Maxi Ovales Duo X40,1.99,1.99,"['Bio', 'Beauté bio', 'Coton bio']",Monoprix Bio,True,False,false,,,,['Produit bio'],https://courses.monoprix.fr/images-v3/0c44253f-c4a3-4340-9d37-d41e42b9d14a/09d3d7c4-cb70-45bc-aae1-ce17b020ca35/300x300.jpg
Hygiène & Beauté,d881f4cd-4ffe-408f-bbef-2b308b6eb21b,MPX_3537159,Lotus Papier Toilette Confort Sans Tube x6 rouleaux,6.49,6.49,"['Entretien & Nettoyage', 'Essuie tout et Papier toilette', 'Papier toilette', 'Par 6']",Lotus,True,False,false,,,,[],https://courses.monoprix.fr/images-v3/0c44253f-c4a3-4340-9d37-d41e42b9d14a/d046db77-896c-4dd4-9dfa-5c1b1a4eefda/300x300.jpg
Hygiène & Beauté,d9f5ea32-1a4d-4103-bd5b-cb76637e5e69,MPX_2470316,Kleenex Collection Boîte Cubique,2.09,0.04,"['Hygiène & Beauté', 'Papiers toilette, Mouchoirs et Cotons', 'Mouchoirs', 'Boîtes']",Kleenex,True,False,false,,,48 par pack,[],https://courses.monoprix.fr/images-v3/0c44253f-c4a3-4340-9d37-d41e42b9d14a/112ba5d5-5d22-4772-9273-076bb1dff0d9/300x300.jpg
Hygiène & Beauté,14bc4464-7c13-42dc-98aa-9f3547912f5c,MPX_2626664,Monoprix Papier Toilette Double Épaisseur X6,1.69,0.28,"['Entretien & Nettoyage', 'Essuie tout et Papier toilette', 'Papier toilette', 'Par 6']",Monoprix,True,False,false,,,6 par pack,[],https://courses.monoprix.fr/images-v3/0c44253f-c4a3-4340-9d37-d41e42b9d14a/d7f56fd5-47d4-43f6-a983-5cd72733dbb2/300x300.jpg
Hygiène & Beauté,04ce3f54-994f-411d-b7dc-56e5b370c1d1,MPX_1788477,Saint Marc Serpillières Jetables Anti-Bactériennes x20,3.49,0.17,"['Entretien & Nettoyage', 'Produits Nettoyants et Multi Usages', 'Nettoyant Sol', 'Lingette sol']",SAINT MARC,True,False,false,6.0,MONTH,20 par pack,[],https://courses.monoprix.fr/images-v3/0c44253f-c4a3-4340-9d37-d41e42b9d14a/df727e61-50cd-4491-8e64-ba28e28fb7d2/300x300.jpg
Hygiène & Beauté,6c59a5e7-94be-45f0-891d-5094036d99bb,MPX_6661349,Le petit Marseillais Crème Lavante Mains Amande Bio 250ml,1.29,5.16,"['Hygiène & Beauté', 'Beauté Bio', 'Gels Douche, Bain et Savons bio']",Le petit marseillais,True,False,false,,,250ml,[],https://courses.monoprix.fr/images-v3/0c44253f-c4a3-4340-9d37-d41e42b9d14a/4c8ad7d9-a516-4728-9ffa-6670d10fe1ba/300x300.jpg
Hygiène & Beauté,a65ee2a0-a21b-4200-ba95-9e4d3b4b1365,MPX_2261177,Nana Serviettes Hygiéniques Ultra Goodnight Large x10,2.65,0.27,"['Hygiène & Beauté', 'Hygiène féminine et Incontinence', 'Serviettes hygièniques']",Nana,True,False,false,,,10 par pack,[],https://courses.monoprix.fr/images-v3/0c44253f-c4a3-4340-9d37-d41e42b9d14a/0f6dc475-0018-45e0-9d48-8ec14481b1c9/300x300.jpg
Hygiène & Beauté,a6c2081d-e709-4b07-9129-31d252abb6e4,MPX_2834734,Monoprix Cotons Maxi Ovales Ultra Douceur Aloe Vera X50,1.99,1.99,"['Hygiène & Beauté', 'Papiers toilette, Mouchoirs et Cotons', 'Cotons']",Monoprix,True,False,false,,,,[],https://courses.monoprix.fr/images-v3/0c44253f-c4a3-4340-9d37-d41e42b9d14a/032b9b86-69b2-4bd0-abc5-1e025d75a5ea/300x300.jpg
Hygiène & Beauté,e56fd668-159e-4580-a92c-2c8f0db25995,MPX_2349908,Signal Dentifrice Anti-Tartre Deux sels minéraux 75ml,1.19,15.87,"['Hygiène & Beauté', 'Hygiène dentaire', 'Dentifrices', 'Soin complet']",Signal,True,False,false,,,75ml,[],https://courses.monoprix.fr/images-v3/0c44253f-c4a3-4340-9d37-d41e42b9d14a/185e2df0-4e0f-408c-94bd-084a9ac6f39c/300x300.jpg
Hygiène & Beauté,c1fe849c-4067-4c83-b46c-31afcf628870,MPX_3564687,Nana Serviettes Hygiéniques Puresensitive Ultra Régulier Plus X12,2.95,0.25,"['Hygiène & Beauté', 'Hygiène féminine et Incontinence', 'Serviettes hygièniques']",Nana,True,False,false,,,12 par pack,[],https://courses.monoprix.fr/images-v3/0c44253f-c4a3-4340-9d37-d41e42b9d14a/d976093b-a520-4b84-a420-838e7f15314a/300x300.jpg
Hygiène & Beauté,2770d02b-e0e0-4cc0-ae26-d6006aae872a,MPX_2349920,Lotus Mouchoirs Etuis Sensitive X15,3.65,0.24,"['Hygiène & Beauté', 'Papiers toilette, Mouchoirs et Cotons', 'Mouchoirs', 'Etuis']",Lotus,True,False,false,,,15 par pack,[],https://courses.monoprix.fr/images-v3/0c44253f-c4a3-4340-9d37-d41e42b9d14a/4048e911-0ea2-4a59-96a9-67a7fd29751d/300x300.jpg
Hygiène & Beauté,52f8c525-222b-4211-a25e-cdbf64f12c10,MPX_4056449,"Kleenex® Mouchoirs Etuis Mini ""The Original"" x15",2.95,2.95,"['Hygiène & Beauté', 'Papiers toilette, Mouchoirs et Cotons', 'Mouchoirs', 'Etuis']",Kleenex,True,False,false,,,,[],https://courses.monoprix.fr/images-v3/0c44253f-c4a3-4340-9d37-d41e42b9d14a/37ac386a-6d1d-4845-a0ba-60cd8d473a13/300x300.jpg
Hygiène & Beauté,c1e1dfd8-9ed1-4686-b8d9-a9a3071ff457,MPX_2261176,Nana Serviettes Hygiéniques Ultra Normal Plus x14,2.65,2.65,"['Hygiène & Beauté', 'Hygiène féminine et Incontinence', 'Serviettes hygièniques']",Nana,True,False,false,,,,[],https://courses.monoprix.fr/images-v3/0c44253f-c4a3-4340-9d37-d41e42b9d14a/b95457a4-faf2-411e-ae6f-6fb13b957f84/300x300.jpg
Hygiène & Beauté,5904e37f-2a04-4797-a939-9932fd99a13c,MPX_164812,Monoprix Je Suis Vert Papier Toilette Double Épaisseur X6,3.29,0.55,"['Bio', 'Entretien écologique', 'Essuie tout et Papier toilette écologique']",Monoprix Vert,True,False,false,,,6 par pack,[],https://courses.monoprix.fr/images-v3/0c44253f-c4a3-4340-9d37-d41e42b9d14a/aca36acb-6652-472b-bd56-b1ef500728fd/300x300.jpg
Hygiène & Beauté,a31040c7-980e-42de-baad-7fbdcac6b393,MPX_2293205,Savon Le Naturel Savon Liquide Extra Pur de Marseille 1L,5.45,5.45,"['Nos sélections', 'Inspiration du moment', '& Sélection gros formats', 'Hygiène et Beauté']",Savon Le Naturel,True,False,false,,,1L,[],https://courses.monoprix.fr/images-v3/0c44253f-c4a3-4340-9d37-d41e42b9d14a/8f6790f7-e307-4f8d-ae7d-38c4b82c3411/300x300.jpg
Hygiène & Beauté,7968f34b-cc75-4af6-a157-6996cc3538ef,MPX_6719994,Sensodyne Dentifrice Soin Complet Triple Action 75ml,4.95,66.0,"['Hygiène & Beauté', 'Hygiène dentaire', 'Dentifrices', 'Soin complet']",Sensodyne,True,False,false,1.0,YEAR,75ml,[],https://courses.monoprix.fr/images-v3/0c44253f-c4a3-4340-9d37-d41e42b9d14a/5026293d-0080-452d-b125-2f17ca263975/300x300.jpg
Hygiène & Beauté,e9c13aad-0a40-41f5-a420-9f7f7104976d,MPX_3429937,Monoprix spray avec javel 75cl,2.39,3.19,"['Entretien & Nettoyage', 'Produits Nettoyants et Multi Usages', 'Multi usages', 'Spray et Recharge']",Monoprix,True,False,false,,,750ml,[],https://courses.monoprix.fr/images-v3/0c44253f-c4a3-4340-9d37-d41e42b9d14a/fb013ae9-f2bd-44ed-8d18-2d32e4c3bb45/300x300.jpg
Hygiène & Beauté,fd483218-bf9a-4d56-a990-932ee965e2a0,MPX_2837441,Dessange Nutri-Extrême Shampooing Anti-dessèchement Cheveux Secs 250ml,3.85,15.4,"['Hygiène & Beauté', 'Soins des cheveux', 'Shampoings', 'Cheveux secs et Abimés']",Dessange,True,False,false,,,250ml,[],https://courses.monoprix.fr/images-v3/0c44253f-c4a3-4340-9d37-d41e42b9d14a/075ee694-c20f-4256-aa66-4b01bef5345b/300x300.jpg
Hygiène & Beauté,c0baa536-5035-4f4d-82d2-ddeeae1a5328,MPX_2091381,Savon Le Naturel Savon Liquide Extra Pur de Marseille 500ml,3.89,7.78,"['Hygiène & Beauté', 'Soins du corps', 'Gels Douche, Bain et Savons', 'Savons Liquides']",Savon naturel,True,False,false,,,500ml,[],https://courses.monoprix.fr/images-v3/0c44253f-c4a3-4340-9d37-d41e42b9d14a/94d0a484-97cc-4dec-9c41-23c852fc37dd/300x300.jpg
Hygiène & Beauté,8e48bbad-5b7a-4e0b-ad5b-44b5541fb2a3,MPX_1922272,La croix javel gel fraîcheur tonique désinfectant 750ml,2.49,3.32,"['Entretien & Nettoyage', 'Produits Nettoyants et Multi Usages', 'Multi usages', 'Gel et Crème']",LA CROIX,True,False,false,6.0,MONTH,750ml,[],https://courses.monoprix.fr/images-v3/0c44253f-c4a3-4340-9d37-d41e42b9d14a/431dba42-303e-4677-97cd-3caa8b06f008/300x300.jpg
Hygiène & Beauté,2f156dfb-cc8d-4a24-bbdd-6765921d81f2,MPX_1787866,Kleenex Collection Mouchoirs Etuis mini x15,2.99,0.2,"['Hygiène & Beauté', 'Papiers toilette, Mouchoirs et Cotons', 'Mouchoirs', 'Etuis']",Kleenex Mouchoirs,True,False,false,,,15 par pack,[],https://courses.monoprix.fr/images-v3/0c44253f-c4a3-4340-9d37-d41e42b9d14a/13a5d98e-5118-473b-b68a-187035892a94/300x300.jpg
Hygiène & Beauté,9f68248f-4e48-4187-b0ad-fa042f78fcc1,MPX_3765385,Cadum Ecopack Gel Douche Surgras Karité 500ml,3.89,7.78,"['Hygiène & Beauté', 'Soins du corps', 'Gels Douche, Bain et Savons', 'Gels douche']",Cadum,True,False,false,,,500ml,[],https://courses.monoprix.fr/images-v3/0c44253f-c4a3-4340-9d37-d41e42b9d14a/220b6880-ad41-42c6-be89-b8ca5431698d/300x300.jpg
Hygiène & Beauté,d04a55e9-9350-4031-9fa6-541c1951b746,MPX_2851589,Demak'Up Coton À Démaquiller Sensitive Ovale x48,2.49,0.05,"['Hygiène & Beauté', 'Papiers toilette, Mouchoirs et Cotons', 'Cotons']",Demak'up,True,False,false,,,48 par pack,[],https://courses.monoprix.fr/images-v3/0c44253f-c4a3-4340-9d37-d41e42b9d14a/39aae762-7de9-49a4-8d39-2e57840f85e3/300x300.jpg
Hygiène & Beauté,d1b1eae6-8e0f-49a7-a80c-6377f2b5c441,MPX_1041350,Nana Protège Slip Voile Si Discret x32,1.89,0.06,"['Hygiène & Beauté', 'Hygiène féminine et Incontinence', 'Protège-slips']",Nana,True,False,false,,,32 par pack,[],https://courses.monoprix.fr/images-v3/0c44253f-c4a3-4340-9d37-d41e42b9d14a/6380927a-9cc7-4076-99f4-67d855189a30/300x300.jpg
Hygiène & Beauté,d4763db4-eb89-4e7a-8733-77eecc5559f4,MPX_3875511,Lotus Mouchoirs Boîte Ultra Resist,1.95,0.03,"['Hygiène & Beauté', 'Papiers toilette, Mouchoirs et Cotons', 'Mouchoirs', 'Boîtes']",Lotus,True,False,false,,,72 par pack,[],https://courses.monoprix.fr/images-v3/0c44253f-c4a3-4340-9d37-d41e42b9d14a/75b987fd-f551-4b5a-982f-16d232655eb7/300x300.jpg
Hygiène & Beauté,f9cb293b-8adb-4f93-b8da-a83cfed37c87,MPX_4368585,Kleenex Balsam Mouchoirs X72,2.65,2.65,"['Hygiène & Beauté', 'Papiers toilette, Mouchoirs et Cotons', 'Mouchoirs', 'Boîtes']",Kleenex,True,False,false,,,,[],https://courses.monoprix.fr/images-v3/0c44253f-c4a3-4340-9d37-d41e42b9d14a/f8cac86b-5ba7-4e8b-90bb-be15b348cbb1/300x300.jpg
Hygiène & Beauté,f4a31a63-0158-4e08-bdd0-ae5e8451f2b7,MPX_3873519,Dove Savon Liquide Mains Original Soin Des Mains Recharge 500Ml,2.69,5.38,"['Hygiène & Beauté', 'Soins du corps', 'Gels Douche, Bain et Savons', 'Recharges savon liquide']",Dove,True,False,false,,,500ml,[],https://courses.monoprix.fr/images-v3/0c44253f-c4a3-4340-9d37-d41e42b9d14a/2f38ad91-fa4f-4107-a846-1c606c250691/300x300.jpg
Hygiène & Beauté,114bad69-2030-45f4-a433-803ab7cb5d8c,MPX_3598205,Lotus Mouchoirs Boîte Pure Natural,2.65,0.03,"['Hygiène & Beauté', 'Papiers toilette, Mouchoirs et Cotons', 'Mouchoirs', 'Boîtes']",Lotus,True,False,false,,,80 par pack,[],https://courses.monoprix.fr/images-v3/0c44253f-c4a3-4340-9d37-d41e42b9d14a/8dcc3903-8958-483f-8771-4edfa312353e/300x300.jpg
Hygiène & Beauté,c2a0d80b-29aa-466b-8c13-7e9913c552dd,MPX_3058936,Demak'Up Disques Coton Démaquillants - Sensitive,2.99,2.99,"['Hygiène & Beauté', 'Papiers toilette, Mouchoirs et Cotons', 'Cotons']",Demak'Up,True,False,false,,,,[],https://courses.monoprix.fr/images-v3/0c44253f-c4a3-4340-9d37-d41e42b9d14a/e7649d6b-2827-4102-97db-1779d11b7ce6/300x300.jpg
Hygiène & Beauté,aef7e0c6-eb7c-44d1-b9c8-e1f4463ccd0e,MPX_6661347,Le Petit Marseillais Crème Lavante Mains Lait 300ml,2.19,7.3,"['Hygiène & Beauté', 'Soins du corps', 'Gels Douche, Bain et Savons', 'Savons Liquides']",Le petit marseillais,True,False,false,,,300ml,[],https://courses.monoprix.fr/images-v3/0c44253f-c4a3-4340-9d37-d41e42b9d14a/eb0d9ebf-a050-4bf5-82fd-643cd937d6f9/300x300.jpg
Hygiène & Beauté,3f1edbc3-88b5-450c-98c1-212c074e442d,MPX_6626819,Lotus Classic + Pur Blanc Boîtes De Mouchoirs,3.89,0.02,"['Hygiène & Beauté', 'Papiers toilette, Mouchoirs et Cotons', 'Mouchoirs', 'Boîtes']",Lotus,True,False,false,,,2 x 80 par pack,[],https://courses.monoprix.fr/images-v3/0c44253f-c4a3-4340-9d37-d41e42b9d14a/28f6d1fc-0fc9-4ea0-9026-4682d7fba85c/300x300.jpg
Hygiène & Beauté,528ce7ab-f155-4d13-85e4-2ce35bf80460,MPX_2187118,Demak'Up Coton Disque Sensitive x64,1.89,0.03,"['Hygiène & Beauté', 'Papiers toilette, Mouchoirs et Cotons', 'Cotons']",Demak'up,True,False,false,,,64 par pack,[],https://courses.monoprix.fr/images-v3/0c44253f-c4a3-4340-9d37-d41e42b9d14a/e95d63ea-1405-4564-8175-f9619fb00f86/300x300.jpg
Hygiène & Beauté,020a5aca-af01-4629-9764-5a882c34c8bc,MPX_2093348,Lotus papier toilette confort collection x6,4.09,4.09,"['Entretien & Nettoyage', 'Essuie tout et Papier toilette', 'Papier toilette', 'Par 6']",Lotus,True,False,false,,,,[],https://courses.monoprix.fr/images-v3/0c44253f-c4a3-4340-9d37-d41e42b9d14a/a81f9340-2ae7-4885-9934-d5be8df3aedd/300x300.jpg
Hygiène & Beauté,abfb5e40-484a-4880-8a22-c37d53e1eae6,MPX_3599493,Always Protege-Slips Coton Bio Normal X28,4.15,0.15,"['Bio', 'Beauté bio', 'Visage bio', 'Toilette bio']",Always,True,False,false,,,28 par pack,['Produit bio'],https://courses.monoprix.fr/images-v3/0c44253f-c4a3-4340-9d37-d41e42b9d14a/4077baaf-ed7f-4f48-b2c4-14ee210d76e5/300x300.jpg
Hygiène & Beauté,04f7234c-41c4-4c79-b700-e24980d5233f,MPX_6552689,Always Cotton Protection Serviettes Hygiéniques 100% Coton T.1 normal x11,4.15,0.38,"['Hygiène & Beauté', 'Hygiène féminine et Incontinence', 'Serviettes hygièniques']",Always,True,False,false,,,11 par pack,[],https://courses.monoprix.fr/images-v3/0c44253f-c4a3-4340-9d37-d41e42b9d14a/8a2ded72-0e12-46a0-99b3-4920bd620502/300x300.jpg
Hygiène & Beauté,d459daf2-a693-4035-929e-c511b15c55df,MPX_6579785,Garnier Ultra Doux Shampooing Illuminant Camomille Cheveux Blonds 300ml,3.99,13.3,"['Hygiène & Beauté', 'Soins des cheveux', 'Shampoings', 'Cheveux normaux']",Ultra doux,True,False,false,,,300ml,[],https://courses.monoprix.fr/images-v3/0c44253f-c4a3-4340-9d37-d41e42b9d14a/1746133c-ee22-46ba-8a5e-8fb95c846098/300x300.jpg
Hygiène & Beauté,69904879-67a9-4a0a-b133-d80660b4f60d,MPX_2379812,Lotus Papier Toilette Moltonel Sensitive X6 Rouleaux,4.09,4.09,"['Hygiène & Beauté', 'Papiers toilette, Mouchoirs et Cotons', 'Papiers toilette', 'Par 6']",Lotus,True,False,false,,,,[],https://courses.monoprix.fr/images-v3/0c44253f-c4a3-4340-9d37-d41e42b9d14a/1c8f289a-b6c0-4be6-815e-f42063fbcaca/300x300.jpg
Hygiène & Beauté,e1da569a-2fcb-4b12-be27-5beefc12e35c,MPX_5395030,Sanex Recharge Gel Douche Nourrissant Zero% Essential Peaux Sèches 500ml,5.49,11.56,"['Hygiène & Beauté', 'Soins du corps', 'Gels Douche, Bain et Savons', 'Recharges savon liquide']",Sanex,True,False,false,1.0,YEAR,475ml,[],https://courses.monoprix.fr/images-v3/0c44253f-c4a3-4340-9d37-d41e42b9d14a/67042efa-d3f0-42df-88d8-263033c60e39/300x300.jpg
Hygiène & Beauté,844d4803-c8b8-485e-932a-eb772305137c,MPX_5621797,Monoprix Lingettes désinfectantes x12,1.85,0.15,"['Hygiène & Beauté', 'Soins du corps', 'Soins des mains et des pieds', 'Soins des mains']",Monoprix,True,False,false,2.0,MONTH,12 par pack,[],https://courses.monoprix.fr/images-v3/0c44253f-c4a3-4340-9d37-d41e42b9d14a/fe43a446-b46e-4692-bb5a-f80c34933802/300x300.jpg
Hygiène & Beauté,5ba18fc4-0d3e-4230-8c4b-e97a758ec48f,MPX_1258050,Dessange Douce Argile Shampooing Régulateur Cheveux Gras 250ml,3.65,14.6,"['Hygiène & Beauté', 'Soins des cheveux', 'Shampoings', 'Cheveux gras']",Dessange,True,False,false,,,250ml,[],https://courses.monoprix.fr/images-v3/0c44253f-c4a3-4340-9d37-d41e42b9d14a/ac3928fc-d06f-4214-a89b-676d156113c7/300x300.jpg
Hygiène & Beauté,2704986e-f296-4032-b100-f82f7167a63f,MPX_2337879,Tena Culottes Pants Plus Medium x9,10.9,10.9,"['Hygiène & Beauté', 'Hygiène féminine et Incontinence', 'Culottes menstruelles et Cups', 'Culottes menstruelles']",Tena,True,False,false,,,,[],https://courses.monoprix.fr/images-v3/0c44253f-c4a3-4340-9d37-d41e42b9d14a/cdd60ddd-8e1b-45a4-9027-c2260613633c/300x300.jpg
Hygiène & Beauté,89baec0c-cda8-4709-9e96-ecac29b1c07d,MPX_2187117,Demak'Up Coton À Démaquiller Expert Disques X108,2.99,2.99,"['Hygiène & Beauté', 'Papiers toilette, Mouchoirs et Cotons', 'Cotons']",Demak'Up,True,False,false,,,,[],https://courses.monoprix.fr/images-v3/0c44253f-c4a3-4340-9d37-d41e42b9d14a/c62dc3a9-1985-46a2-8405-48b1be4b30fc/300x300.jpg
Hygiène & Beauté,d6683973-1605-4a61-8846-3c6bea76cd0e,MPX_6610031,Colgate max fresh dentifrice original 75ml,2.89,38.53,"['Hygiène & Beauté', 'Hygiène dentaire', 'Dentifrices', 'Blancheur et fraîcheur']",Colgate,True,False,false,,,75ml,[],https://courses.monoprix.fr/images-v3/0c44253f-c4a3-4340-9d37-d41e42b9d14a/dbba4bef-82f5-4799-9728-16b35628ac60/300x300.jpg
Hygiène & Beauté,4d11f18c-cb88-4dc5-a677-8e0a018c2175,MPX_3524978,The Cheeky Panda Papier Toilette 100% Bambou Pack x4,3.99,3.99,"['Hygiène & Beauté', 'Papiers toilette, Mouchoirs et Cotons', 'Papiers toilette', 'Par 4']",The Cheeky Panda,True,False,false,,,,[],https://courses.monoprix.fr/images-v3/0c44253f-c4a3-4340-9d37-d41e42b9d14a/b5eeb5d9-9ae7-42ab-9b8c-31eae2ea4d19/300x300.jpg
Hygiène & Beauté,6a155c4e-be56-47e0-955d-34000f6a30f7,MPX_5395029,Sanex Recharge Gel Douche Hydratant Zero% Tous Types De Peau 500ml,5.49,11.56,"['Hygiène & Beauté', 'Soins du corps', 'Gels Douche, Bain et Savons', 'Recharges savon liquide']",Sanex,True,False,false,1.0,MONTH,475ml,[],https://courses.monoprix.fr/images-v3/0c44253f-c4a3-4340-9d37-d41e42b9d14a/e555f1c0-fedd-41ac-9fc3-6a050ed6f968/300x300.jpg
Hygiène & Beauté,e3105b7c-9df2-4dd0-a0ee-2e2c5187da60,MPX_1400507,Monoprix Cotons Maxi Carrés Duo X80,2.85,2.85,"['Nos sélections', 'Inspiration du moment', '& Sélection gros formats', 'Hygiène et Beauté']",Monoprix,True,False,false,,,,[],https://courses.monoprix.fr/images-v3/0c44253f-c4a3-4340-9d37-d41e42b9d14a/c96e480a-4909-49c2-9020-6fc1947f9378/300x300.jpg
Hygiène & Beauté,bc7cd90e-1706-493f-bbed-4d713951d843,MPX_3821333,Savon Le Naturel Savon Liquide Extra Pur de Marseille Fleur d'Oranger 500ml,3.99,7.98,"['Hygiène & Beauté', 'Soins du corps', 'Gels Douche, Bain et Savons', 'Savons Liquides']",Savon naturel,True,False,false,,,500ml,[],https://courses.monoprix.fr/images-v3/0c44253f-c4a3-4340-9d37-d41e42b9d14a/541f28ad-a2f3-4391-b07d-80d53d006c5d/300x300.jpg
Hygiène & Beauté,41c4e3ca-db36-479c-8c11-968b69632baf,MPX_6626822,Lotus Etuis Mouchoirs Compact+ Style x18,4.45,4.45,"['Hygiène & Beauté', 'Papiers toilette, Mouchoirs et Cotons', 'Mouchoirs', 'Etuis']",Lotus,True,False,false,,,,[],https://courses.monoprix.fr/images-v3/0c44253f-c4a3-4340-9d37-d41e42b9d14a/0792d98b-8feb-407a-8cb0-36646c5ed3e4/300x300.jpg
Hygiène & Beauté,fd01bb80-3741-445c-9afd-ddc8d37c9837,MPX_2481498,Lotus Papier Toilette Moltonel rouleaux (blanc ou rose) x6,5.89,0.98,"['Entretien & Nettoyage', 'Essuie tout et Papier toilette', 'Papier toilette', 'Par 6']",Lotus,True,False,false,,,6 par pack,[],https://courses.monoprix.fr/images-v3/0c44253f-c4a3-4340-9d37-d41e42b9d14a/0bd0bb45-9c31-4cc6-9e02-e8d9671d0b6a/300x300.jpg
Hygiène & Beauté,42307632-1790-4465-80ed-9638177698e8,MPX_2481497,Lotus Papier Toilette Moltonel Style x6,5.49,11.39,"['Entretien & Nettoyage', 'Essuie tout et Papier toilette', 'Papier toilette', 'Par 6']",Lotus,True,False,false,,,0.482kg,[],https://courses.monoprix.fr/images-v3/0c44253f-c4a3-4340-9d37-d41e42b9d14a/84a18ce2-6055-4213-84fb-1afea0a9ac8c/300x300.jpg
Hygiène & Beauté,726836ce-df0c-4c00-a064-bd56e0d4c4f5,MPX_1908934,Demak'Up Coton À Démaquiller Original Ovales X70,2.99,2.99,"['Hygiène & Beauté', 'Papiers toilette, Mouchoirs et Cotons', 'Cotons']",Demak'Up,True,False,false,,,,[],https://courses.monoprix.fr/images-v3/0c44253f-c4a3-4340-9d37-d41e42b9d14a/ad461414-1c09-4e48-9940-3bf7476cbc2a/300x300.jpg
Hygiène & Beauté,646ee09b-fc3b-4b89-b9d9-61c06d1aff7e,MPX_6584136,Garnier Ultra Doux Shampooing & Démêlant Enfants Abricot 300ml,3.99,13.3,"['Hygiène & Beauté', 'Soins des cheveux', 'Shampoings', 'Cheveux normaux']",Ultra doux,True,False,false,,,300ml,[],https://courses.monoprix.fr/images-v3/0c44253f-c4a3-4340-9d37-d41e42b9d14a/2901e6a4-d33d-4f15-9828-15a81bff22d9/300x300.jpg
Hygiène & Beauté,878d4e67-f5eb-44b6-8b1d-1b41665d71e3,MPX_1611320,Palmolive Soin Délicat Savon Main Pompe Amande & Lait 300ml,2.55,8.5,"['Hygiène & Beauté', 'Soins du corps', 'Gels Douche, Bain et Savons', 'Savons Liquides']",Palmolive,True,False,false,,,300ml,[],https://courses.monoprix.fr/images-v3/0c44253f-c4a3-4340-9d37-d41e42b9d14a/5593fbed-ea28-452c-a876-21b3e4784a76/300x300.jpg
Hygiène & Beauté,d38b2922-6243-4e20-a39b-885fe9714719,MPX_6552688,Always Cotton Protection Serviettes Hygiéniques Nuit 100% Coton Taille 3 x8,3.99,3.99,"['Bio', 'Beauté bio', 'Coton bio']",Always,True,False,false,,,,[],https://courses.monoprix.fr/images-v3/0c44253f-c4a3-4340-9d37-d41e42b9d14a/09b29b99-3500-452e-95fb-4dced45c58b3/300x300.jpg
Hygiène & Beauté,a9b765a2-7d88-43cb-b95a-e550e7ef4fe1,MPX_6574763,Elmex Dentifrice Anti-Caries 0% Colorants 75Ml,5.99,79.87,"['Hygiène & Beauté', 'Hygiène dentaire', 'Dentifrices', 'Soin complet']",Elmex,True,False,false,6.0,MONTH,75ml,[],https://courses.monoprix.fr/images-v3/0c44253f-c4a3-4340-9d37-d41e42b9d14a/3ffa52ad-e0f1-4145-83d6-f057ad7a475a/300x300.jpg
Hygiène & Beauté,973ef108-3128-4147-9a68-b22b0354edd0,MPX_2261175,Nana Serviettes Hygiéniques Ultra Régulier x16,2.65,0.17,"['Hygiène & Beauté', 'Hygiène féminine et Incontinence', 'Serviettes hygièniques']",Nana,True,False,false,,,16 par pack,[],https://courses.monoprix.fr/images-v3/0c44253f-c4a3-4340-9d37-d41e42b9d14a/8b5d2dfa-509c-4c98-a29e-599007cc3d56/300x300.jpg
Hygiène & Beauté,df979e5e-50de-4751-941a-0c801399f9f7,MPX_1951371,"Monoprix Gants résistants spécial ménage, latex naturel, Taille M x2",2.45,2.45,"['Entretien & Nettoyage', 'Accessoire menager', 'Gant']",Monoprix,True,False,false,,,,[],https://courses.monoprix.fr/images-v3/0c44253f-c4a3-4340-9d37-d41e42b9d14a/8bdc7945-e459-475c-8a3a-afb651d654ad/300x300.jpg
Hygiène & Beauté,0077f2ee-8e58-458b-943c-7a5268443a71,MPX_6582947,Le petit Marseillais Gel douche & bain Pêche blanche Bio 650ml,5.15,7.92,"['Bio', 'Beauté bio', 'Douche, Bain et Savon bio']",Le petit Marseillais,True,False,false,,,650ml,[],https://courses.monoprix.fr/images-v3/0c44253f-c4a3-4340-9d37-d41e42b9d14a/2403d45d-e7a7-4ef1-a625-97d4665a9799/300x300.jpg
Hygiène & Beauté,03776297-b2c3-483a-b6b2-150c36bdfbd6,MPX_1559401,Monoprix Gants Fin en Latex x10 Taille M,1.75,0.18,"['Entretien & Nettoyage', 'Accessoire menager', 'Gant']",Monoprix,True,False,false,,,10 par pack,[],https://courses.monoprix.fr/images-v3/0c44253f-c4a3-4340-9d37-d41e42b9d14a/50ab28c2-f6f0-4d27-bbff-775bca82a9f6/300x300.jpg
Hygiène & Beauté,4e12ebb2-89af-4c48-b136-7ebc2dfc96f6,MPX_4869414,Sanex Gel Douche Zéro 0% Essential Peaux sèches 475ml,5.65,11.89,"['Hygiène & Beauté', 'Soins du corps', 'Gels Douche, Bain et Savons', 'Gels douche']",Sanex,True,False,false,1.0,YEAR,475ml,[],https://courses.monoprix.fr/images-v3/0c44253f-c4a3-4340-9d37-d41e42b9d14a/459fd46b-865d-438b-8f40-064454d10b4e/300x300.jpg
Hygiène & Beauté,cd984099-c0d8-4d13-9900-b2cf38b98d1c,MPX_2018864,Monoprix Protège-Lingerie Large X28,1.59,1.59,"['Hygiène & Beauté', 'Hygiène féminine et Incontinence', 'Protège-slips']",Monoprix,True,False,false,1.0,YEAR,,[],https://courses.monoprix.fr/images-v3/0c44253f-c4a3-4340-9d37-d41e42b9d14a/b152d784-c88c-4977-8271-66c17690ba2a/300x300.jpg
Hygiène & Beauté,95f278e8-229c-474c-8bb0-a633a5fc48e6,MPX_6661344,Le Petit Marseillais recharge savon tradition 250ml,1.69,6.76,"['Hygiène & Beauté', 'Soins du corps', 'Gels Douche, Bain et Savons', 'Recharges savon liquide']",Le petit Marseillais,True,False,false,,,250ml,[],https://courses.monoprix.fr/images-v3/0c44253f-c4a3-4340-9d37-d41e42b9d14a/6b4ce995-75b1-44ea-9c10-84e782e0ed39/300x300.jpg
Hygiène & Beauté,7c834003-f174-497e-9733-805c36525d99,MPX_5601208,Dove Savon Liquide Mains Beurre De Karité & Vanille Recharge 500Ml,2.99,5.98,"['Hygiène & Beauté', 'Soins du corps', 'Gels Douche, Bain et Savons', 'Recharges savon liquide']",Dove,True,False,false,,,500ml,[],https://courses.monoprix.fr/images-v3/0c44253f-c4a3-4340-9d37-d41e42b9d14a/e0e3073a-b5ce-416b-80ed-23434522a088/300x300.jpg
Hygiène & Beauté,e332a758-b2ed-4326-8b11-9030b3c6fb60,MPX_4077990,Eco By Naty Serviettes Hygiéniques Super X12,3.75,0.31,"['Hygiène & Beauté', 'Hygiène féminine et Incontinence', 'Serviettes hygièniques']",ECO by Naty,True,False,false,,,12 par pack,[],https://courses.monoprix.fr/images-v3/0c44253f-c4a3-4340-9d37-d41e42b9d14a/dc22b8e3-c94c-4db8-84fc-05eb37bb23e8/300x300.jpg
Hygiène & Beauté,c3415ff0-44ee-45c7-b5ea-2fd2ff8d1b56,MPX_1400574,Monoprix Cotons Disques Duo X110,1.55,1.55,"['Hygiène & Beauté', 'Papiers toilette, Mouchoirs et Cotons', 'Cotons']",Monoprix,True,False,false,,,,[],https://courses.monoprix.fr/images-v3/0c44253f-c4a3-4340-9d37-d41e42b9d14a/e13d5f6b-c7d8-4aa0-976e-aecd6962d17b/300x300.jpg
Hygiène & Beauté,5379e9c1-e189-4555-9c97-f476d776a68d,MPX_2834733,Monoprix Cotons Maxi Ovales Duo X70,2.69,2.69,"['Hygiène & Beauté', 'Papiers toilette, Mouchoirs et Cotons', 'Cotons']",Monoprix,True,False,false,,,,[],https://courses.monoprix.fr/images-v3/0c44253f-c4a3-4340-9d37-d41e42b9d14a/d266d13b-4d37-479b-aee6-f846b48b8c0a/300x300.jpg
Hygiène & Beauté,705eb810-9787-47d1-9572-8de463a135a2,MPX_4217135,Maybelline Cils Démasq Démaquillant 2-en-1 waterproof 150ml,4.75,31.67,"['Hygiène & Beauté', 'Soins du visage', 'Démaquillants et Nettoyants', 'Yeux']",Maybelline New York,True,False,false,,,150ml,[],https://courses.monoprix.fr/images-v3/0c44253f-c4a3-4340-9d37-d41e42b9d14a/0267f93f-114d-4e8d-8070-d0ad216df84c/300x300.jpg
Hygiène & Beauté,d3c3f15f-6613-4371-979f-47dedcb8f202,MPX_1595634,Monoprix Brosse à Dents Souple x4,1.59,1.59,"['Nos sélections', 'Inspiration du moment', '& Sélection gros formats', 'Hygiène et Beauté']",Monoprix,True,False,false,,,,[],https://courses.monoprix.fr/images-v3/0c44253f-c4a3-4340-9d37-d41e42b9d14a/e65f60af-4562-4dd8-b91a-cd5c9f02765d/300x300.jpg
Hygiène & Beauté,fb5edb98-0d4d-468b-ac64-be76cd26c16d,MPX_2173742,L'Oréal Paris Men Expert Déodorant Homme Bille 48h Carbon Protect 5en1 50ml,4.89,97.8,"['Nos sélections', 'Inspiration du moment', '& Kit du sportif', 'Déodorant et gel main']",L'oréal,True,False,false,,,50ml,['Produit bio'],https://courses.monoprix.fr/images-v3/0c44253f-c4a3-4340-9d37-d41e42b9d14a/eb70229d-b3f0-4e9d-980b-9103c335c023/300x300.jpg
Hygiène & Beauté,0ccd2680-e09d-44be-b84e-a4f61688c486,MPX_6728651,Dove Pain de Savon de Crème Hydratante Original 360g,3.99,11.08,"['Hygiène & Beauté', 'Soins du corps', 'Gels Douche, Bain et Savons', 'Savons Solides']",Dove,True,False,false,,,360g,[],https://courses.monoprix.fr/images-v3/0c44253f-c4a3-4340-9d37-d41e42b9d14a/f0dae222-87d4-4202-8926-6f0238447b2d/300x300.jpg
Hygiène & Beauté,4b7df572-2f9b-4d5b-84e4-649cf1745881,MPX_6552687,Always Cotton Protection Serviettes Hygiéniques 100% Coton T. 2 long x9,3.99,0.44,"['Hygiène & Beauté', 'Hygiène féminine et Incontinence', 'Serviettes hygièniques']",Always,True,False,false,,,9 par pack,[],https://courses.monoprix.fr/images-v3/0c44253f-c4a3-4340-9d37-d41e42b9d14a/52ed2453-41c2-48fe-b8b5-58700e261510/300x300.jpg
Hygiène & Beauté,a0059aa4-d5a7-43d0-ba3c-be86dc1cba6b,MPX_3598204,Lotus Coton-Tiges Bio x160,2.65,0.02,"['Bio', 'Beauté bio', 'Coton bio']",Lotus,True,False,false,,,160 par pack,['Produit bio'],https://courses.monoprix.fr/images-v3/0c44253f-c4a3-4340-9d37-d41e42b9d14a/f89104ce-71b6-4e15-b055-f2886fb9ebf9/300x300.jpg
Hygiène & Beauté,03e6364d-b29a-4edd-95dc-8235c3df60b5,MPX_6574778,Elmex Dentifrice Sensitive Blancheur 0% colorants 2x75ml,8.39,55.93,"['Hygiène & Beauté', 'Hygiène dentaire', 'Dentifrices', 'Blancheur et fraîcheur']",Elmex,True,False,false,,,2 x 75ml,[],https://courses.monoprix.fr/images-v3/0c44253f-c4a3-4340-9d37-d41e42b9d14a/fd63c361-2b36-4570-829a-fd25db18f629/300x300.jpg
Hygiène & Beauté,f11ef85c-9d1d-467b-868f-516f71c812fc,MPX_2837442,Dessange Nutri-Extrême Démêlant Anti-déssèchement Cheveux Secs 200ml,4.19,20.95,"['Hygiène & Beauté', 'Soins des cheveux', 'Après-Shampoings', 'Cheveux secs et Abimés']",Dessange,True,False,false,,,200ml,[],https://courses.monoprix.fr/images-v3/0c44253f-c4a3-4340-9d37-d41e42b9d14a/b15a1844-70cc-4d63-b5cb-cf7dcd78fba0/300x300.jpg
Hygiène & Beauté,4700614f-3cb7-4e16-adf4-d83d715f35cb,MPX_3318610,Tena Culottes Nuit Pants Plus Night Large X12,18.5,18.5,"['Hygiène & Beauté', 'Hygiène féminine et Incontinence', 'Culottes menstruelles et Cups', 'Culottes menstruelles']",TENA,True,False,false,,,,[],https://courses.monoprix.fr/images-v3/0c44253f-c4a3-4340-9d37-d41e42b9d14a/cad2a14c-68d4-499c-8272-d7027e05eab3/300x300.jpg
Hygiène & Beauté,06e2abdc-9d10-447c-a38a-b9f327befdad,MPX_6579786,Garnier Ultra Doux Shampooing Nutrition Intense Avocat Karité 300ml,3.99,13.3,"['Nos sélections', 'Inspiration du moment', '& Routine beauté hiver', 'Soin et hydratation cheveux']",Ultra doux,True,False,false,,,300ml,[],https://courses.monoprix.fr/images-v3/0c44253f-c4a3-4340-9d37-d41e42b9d14a/902c91db-6683-4104-adfc-c342f9008070/300x300.jpg
Hygiène & Beauté,6bd929da-ce51-426f-b305-7a88f3431a7a,MPX_6602324,Oral B Dentifrice Pro Expert Nettoyage Intense 75ml,5.35,54.59,"['Hygiène & Beauté', 'Hygiène dentaire', 'Dentifrices', 'Soin complet']",Oral-B,True,False,false,1.0,YEAR,98ml,[],https://courses.monoprix.fr/images-v3/0c44253f-c4a3-4340-9d37-d41e42b9d14a/3c822cf4-56d5-44c8-9b26-632c6468204d/300x300.jpg
Hygiène & Beauté,e7efb59e-0956-41a2-8fa9-deaf4db4a3ef,MPX_3537173,St Marc Spray nettoyant désinfectant 500ml,3.49,6.98,"['Entretien & Nettoyage', 'Produits Nettoyants et Multi Usages', 'Multi usages', 'Spray et Recharge']",SAINT MARC,True,False,false,6.0,MONTH,500ml,[],https://courses.monoprix.fr/images-v3/0c44253f-c4a3-4340-9d37-d41e42b9d14a/368925c1-3190-4e9a-a845-d8891c5e4718/300x300.jpg
Hygiène & Beauté,07fe0f19-b835-4d9e-b4fe-5886b9be3bce,MPX_3526387,Monoprix Bâtonnets Coton Tige Papier x200,1.59,1.59,"['Hygiène & Beauté', 'Papiers toilette, Mouchoirs et Cotons', 'Cotons-tiges']",Monoprix,True,False,false,,,,[],https://courses.monoprix.fr/images-v3/0c44253f-c4a3-4340-9d37-d41e42b9d14a/62b5b3a4-68bd-48be-96b9-7028dd666f85/300x300.jpg
Hygiène & Beauté,a285823a-8f20-4734-8e1c-e246e3bfc274,MPX_5744516,Signal Brosses À Dents Souple Protection Intégrale x4,2.89,0.72,"['Hygiène & Beauté', 'Hygiène dentaire', 'Brosses à dents manuelles', 'Brosses à dents souples']",Signal,True,False,false,,,4 par pack,[],https://courses.monoprix.fr/images-v3/0c44253f-c4a3-4340-9d37-d41e42b9d14a/1e97e980-ef6e-4f33-8cc1-8f921645820b/300x300.jpg
Hygiène & Beauté,345ba997-3739-438f-9a91-e1a55cf41b28,MPX_6661342,Le Petit Marseillais Gel Lavant Le Cuisinier 250ml,1.89,7.56,"['Hygiène & Beauté', 'Soins du corps', 'Gels Douche, Bain et Savons', 'Recharges savon liquide']",Le petit Marseillais,True,False,false,,,250ml,[],https://courses.monoprix.fr/images-v3/0c44253f-c4a3-4340-9d37-d41e42b9d14a/a4e54f0c-fe7a-4287-a522-d0cae950078a/300x300.jpg
Hygiène & Beauté,658ae86a-10c2-46ea-8b12-32aa654267a3,MPX_5457805,Nana Ultra Serviettes Hygiéniques Goodnight Jumbopack x20,4.75,0.24,"['Hygiène & Beauté', 'Hygiène féminine et Incontinence', 'Serviettes hygièniques']",Nana,True,False,false,,,20 par pack,[],https://courses.monoprix.fr/images-v3/0c44253f-c4a3-4340-9d37-d41e42b9d14a/2168639e-a286-4114-a8a4-c2ebf7a2f9ab/300x300.jpg
Hygiène & Beauté,1c161563-e4a6-4e7a-b293-31a7fd327d92,MPX_3429938,Monoprix gel désinfectant multi-surfaces avec javel 1L,1.89,1.89,"['Entretien & Nettoyage', 'Produits Nettoyants et Multi Usages', 'Multi usages', 'Gel et Crème']",Monoprix,True,False,false,,,1L,[],https://courses.monoprix.fr/images-v3/0c44253f-c4a3-4340-9d37-d41e42b9d14a/57e3280d-5a71-4c29-85da-5a8cbb1ecce1/300x300.jpg
Hygiène & Beauté,ea355983-cff8-460e-8262-d4ed6b087723,MPX_4077991,Eco By Naty Serviettes Hygiéniques Nuit X10,3.75,0.38,"['Hygiène & Beauté', 'Hygiène féminine et Incontinence', 'Serviettes hygièniques']",ECO by Naty,True,False,false,,,10 par pack,[],https://courses.monoprix.fr/images-v3/0c44253f-c4a3-4340-9d37-d41e42b9d14a/8e7a74b1-6b4e-427f-8055-fa9e6b53d15b/300x300.jpg
Hygiène & Beauté,2e3f82aa-2f92-4010-9543-325d994c5257,MPX_3512786,Monoprix Bio Bâtonnets Ouatés,2.15,2.15,"['Bio', 'Beauté bio', 'Coton bio']",Monoprix Bio,True,False,false,,,,['Produit bio'],https://courses.monoprix.fr/images-v3/0c44253f-c4a3-4340-9d37-d41e42b9d14a/ff9c0678-5965-40bb-acc3-3d11fa182dfa/300x300.jpg
Hygiène & Beauté,e3e25537-ae22-4c36-9646-a9344f582bc1,MPX_4213504,Cadum Gel Douche Dermo-Respect 750ml,5.65,7.53,"['Hygiène & Beauté', 'Soins du corps', 'Gels Douche, Bain et Savons', 'Gels douche']",Cadum,True,False,false,,,750ml,[],https://courses.monoprix.fr/images-v3/0c44253f-c4a3-4340-9d37-d41e42b9d14a/1c0a4028-cc71-4312-9aed-4034c4f9bffc/300x300.jpg
Hygiène & Beauté,536b5470-0270-420b-805c-90e77b016f80,MPX_2495721,Nana Protège Slips Fraîcheur x34,1.89,0.06,"['Hygiène & Beauté', 'Hygiène féminine et Incontinence', 'Protège-slips']",Nana,True,False,false,,,34 par pack,[],https://courses.monoprix.fr/images-v3/0c44253f-c4a3-4340-9d37-d41e42b9d14a/2c9bdda7-532e-4df4-ab65-a1d17e735086/300x300.jpg
Hygiène & Beauté,890b8b65-275a-4ca7-b4fb-818df8144b44,MPX_6661345,Le Petit Marseillais Gel Lavant Mains au Pur Savon & Lavande 300ml,2.79,9.3,"['Hygiène & Beauté', 'Soins du corps', 'Soins des mains et des pieds', 'Soins des mains']",Le petit Marseillais,True,False,false,,,300ml,[],https://courses.monoprix.fr/images-v3/0c44253f-c4a3-4340-9d37-d41e42b9d14a/598f97c0-f0b7-4334-b315-762f797db904/300x300.jpg
Hygiène & Beauté,65c726b7-4ace-4535-bd5f-9bdf9e740d12,MPX_1467733,Monoprix Serviettes ultra-minces Nuit x10,1.59,1.59,"['Hygiène & Beauté', 'Hygiène féminine et Incontinence', 'Serviettes hygièniques']",Monoprix,True,False,false,,,,[],https://courses.monoprix.fr/images-v3/0c44253f-c4a3-4340-9d37-d41e42b9d14a/0b1d71c4-28c3-4c72-a9d2-1a1147d952b2/300x300.jpg
Hygiène & Beauté,a759edc3-e0f3-44f8-a5da-36f3656f330c,MPX_6626820,Lotus classic+ etuis mouchoirs x24,4.49,4.49,"['Hygiène & Beauté', 'Papiers toilette, Mouchoirs et Cotons', 'Mouchoirs', 'Etuis']",Lotus,True,False,false,,,,[],https://courses.monoprix.fr/images-v3/0c44253f-c4a3-4340-9d37-d41e42b9d14a/62da51e9-2dc7-40fc-abb4-460d06193ddc/300x300.jpg
Hygiène & Beauté,4424d332-8526-4c29-92c8-674d7dc39661,MPX_1951372,"Monoprix Gants Résistants Spécial Ménage, Latex Naturel, Taille L x2",2.45,2.45,"['Entretien & Nettoyage', 'Accessoire menager', 'Gant']",Monoprix,True,False,false,,,,[],https://courses.monoprix.fr/images-v3/0c44253f-c4a3-4340-9d37-d41e42b9d14a/bacbf8ef-21ad-4812-a778-115fd800e6cf/300x300.jpg
Hygiène & Beauté,7e480b12-1f88-430d-a7c6-545cadf58616,MPX_6661341,Le Petit Marseillais Recharge Gel Lavant Mains Anti Bactérien 250ml,1.89,7.56,"['Hygiène & Beauté', 'Soins du corps', 'Soins des mains et des pieds', 'Soins des mains']",Le petit Marseillais,True,False,false,,,250ml,[],https://courses.monoprix.fr/images-v3/0c44253f-c4a3-4340-9d37-d41e42b9d14a/cda36f16-a64d-4e57-b2ca-1502746c2d6b/300x300.jpg
Hygiène & Beauté,d9c4c811-3e22-4d95-bc96-7ac98654dda8,MPX_4015425,Elmex Dentifrice Enfants Anti-Caries 0-6ans 75ml,5.29,70.53,"['Nos sélections', 'Boutique Enfants', 'Douche, Shampoing, Hygiène dentaire et autres']",Elmex,True,False,false,6.0,MONTH,75ml,[],https://courses.monoprix.fr/images-v3/0c44253f-c4a3-4340-9d37-d41e42b9d14a/94064291-74b1-445e-9d26-e16447fa5141/300x300.jpg
Hygiène & Beauté,ae13ab5b-982a-4493-b9ba-39f0eaa966d7,MPX_6574775,Elmex Dentifrices Sensitive Dents Sensibles 0% colorant 75ml,5.59,74.53,"['Hygiène & Beauté', 'Hygiène dentaire', 'Dentifrices', 'Blancheur et fraîcheur']",Elmex,True,False,false,6.0,MONTH,75ml,[],https://courses.monoprix.fr/images-v3/0c44253f-c4a3-4340-9d37-d41e42b9d14a/329cc0a0-3957-4832-b279-196f69fba0fb/300x300.jpg
Hygiène & Beauté,284eb46f-7d25-4732-a967-35b22e88890c,MPX_6603306,Always ultra serviettes secure night taille 4 ailettes x18,6.25,6.25,"['Hygiène & Beauté', 'Hygiène féminine et Incontinence', 'Serviettes hygièniques']",Always,True,False,false,,,,[],https://courses.monoprix.fr/images-v3/0c44253f-c4a3-4340-9d37-d41e42b9d14a/7e013bc8-1876-4f64-b31b-59e9f22c7e5c/300x300.jpg
Hygiène & Beauté,28dabe4d-9f03-4a12-9c0e-250f9753cb47,MPX_6584143,Garnier Ultra Doux Shampooing Tilleul 300ml,3.99,13.3,"['Nos sélections', 'Inspiration du moment', '& Routine beauté hiver', 'Soin et hydratation cheveux']",Ultra doux,True,False,false,,,300ml,[],https://courses.monoprix.fr/images-v3/0c44253f-c4a3-4340-9d37-d41e42b9d14a/13c04eec-16e3-46fb-b297-0d3487b040ee/300x300.jpg
Hygiène & Beauté,7b857ea7-e69e-45ad-9b6a-06adbfbb68bc,MPX_1244911,Sensodyne Brosse A Dent Extra Souple,3.79,3.79,"['Hygiène & Beauté', 'Hygiène dentaire', 'Brosses à dents manuelles', 'Brosses à dents souples']",Sensodyne,True,False,false,,,,[],https://courses.monoprix.fr/images-v3/0c44253f-c4a3-4340-9d37-d41e42b9d14a/e8a22903-f6f8-40c6-8dde-a15162f55f9d/300x300.jpg
Hygiène & Beauté,a7caaef3-aab4-4bd2-860f-ac4e0641054d,MPX_6603311,Always Protege Slips Dailies Extra Protect Long Plus x24,2.69,0.11,"['Hygiène & Beauté', 'Hygiène féminine et Incontinence', 'Protège-slips']",Always,True,False,false,,,24 par pack,[],https://courses.monoprix.fr/images-v3/0c44253f-c4a3-4340-9d37-d41e42b9d14a/90cc3236-a48c-4b0e-9fb6-5d14cc541cef/300x300.jpg
Hygiène & Beauté,79550f6b-0aab-4241-a66f-7d30bf68b86e,MPX_2851588,Demak'Up Coton À Démaquiller Original Disques X105,2.49,0.02,"['Hygiène & Beauté', 'Papiers toilette, Mouchoirs et Cotons', 'Cotons']",Demak'up,True,False,false,,,105 par pack,['Produit bio'],https://courses.monoprix.fr/images-v3/0c44253f-c4a3-4340-9d37-d41e42b9d14a/f5660932-8e49-4d2a-8603-7c3da909fd25/300x300.jpg
Hygiène & Beauté,6c10b18b-37f8-4910-a301-28ec514c6bb2,MPX_3823090,Nana Serviettes Hygiéniques Puresensitive Ultra Nuit Plus X8,2.95,0.37,"['Hygiène & Beauté', 'Hygiène féminine et Incontinence', 'Serviettes hygièniques']",Nana,True,False,false,,,8 par pack,[],https://courses.monoprix.fr/images-v3/0c44253f-c4a3-4340-9d37-d41e42b9d14a/7ba744ab-b47e-45d4-9f80-b5eacce3bd01/300x300.jpg
Hygiène & Beauté,84cd3667-1dc5-44a0-be77-3e6b876c82ae,MPX_2333861,Savon Le Naturel Savon Liquide Extra Pur de Marseille Olive 500ml,3.99,7.98,"['Hygiène & Beauté', 'Soins du corps', 'Gels Douche, Bain et Savons', 'Savons Liquides']",Savon Le Naturel,True,False,false,,,500ml,[],https://courses.monoprix.fr/images-v3/0c44253f-c4a3-4340-9d37-d41e42b9d14a/ac5f9ed1-4ad5-4b75-980f-750c6792b1a7/300x300.jpg
Hygiène & Beauté,0d36fe72-2b12-4a54-a048-1e6e4f3f5e42,MPX_7106,Vademecum Dentifrice Fluor et Plantes 75ml,2.15,28.67,"['Hygiène & Beauté', 'Hygiène dentaire', 'Dentifrices', 'Soin complet']",Vademecum,True,False,false,,,75ml,['Produit bio'],https://courses.monoprix.fr/images-v3/0c44253f-c4a3-4340-9d37-d41e42b9d14a/cfa03d9f-f457-40e9-83ff-5610444ad195/300x300.jpg
Hygiène & Beauté,836a68a7-2b9c-44bf-b34d-a664ef1b83a4,MPX_1702206,Mercurochrome Alcool modifié 70% vol 200ml,3.29,16.45,"['Hygiène & Beauté', 'Petite Pharmacie', 'Pansements, bandes et désinfectants']",Mercurochrome,True,False,false,6.0,MONTH,200ml,[],https://courses.monoprix.fr/images-v3/0c44253f-c4a3-4340-9d37-d41e42b9d14a/fabbb810-f36f-454d-9459-87a9bde82b23/300x300.jpg
Hygiène & Beauté,cd70b02a-6a54-455a-970e-033a9f03cae0,MPX_2202492,Sanogyl Dentifrice Soin Global,3.49,46.53,"['Hygiène & Beauté', 'Hygiène dentaire', 'Dentifrices', 'Soin complet']",Sanogyl,True,False,false,,,75ml,[],https://courses.monoprix.fr/images-v3/0c44253f-c4a3-4340-9d37-d41e42b9d14a/71391dce-57d0-4e8b-b0f1-6fdcfebc3047/300x300.jpg
Hygiène & Beauté,77f1dc08-5e5e-4d41-9d3a-9bee9a8e90f3,MPX_3765384,Cadum Ecopack Gel Douche Dermo-Respect 500ml,3.89,7.78,"['Hygiène & Beauté', 'Soins du corps', 'Gels Douche, Bain et Savons', 'Gels douche']",Cadum,True,False,false,,,500ml,[],https://courses.monoprix.fr/images-v3/0c44253f-c4a3-4340-9d37-d41e42b9d14a/96c277c4-cb7d-430a-abc9-7cfa5071c544/300x300.jpg
Hygiène & Beauté,85d31884-50a5-4eaf-81b4-344a23b9381c,MPX_2936660,Le Petit Marseillais Savon Extra Doux Fleur D'oranger 4x100g,2.99,7.48,"['Hygiène & Beauté', 'Soins du corps', 'Gels Douche, Bain et Savons', 'Savons Solides']",Le Petit Marseillais,True,False,false,,,400g,[],https://courses.monoprix.fr/images-v3/0c44253f-c4a3-4340-9d37-d41e42b9d14a/8ffec8b0-faea-4eca-82f3-a953fad16f2d/300x300.jpg
Hygiène & Beauté,5104d2f9-962f-41fb-9329-d779ba2e9ce3,MPX_3404168,Vania Maxi Serviettes Nuit X12,2.85,2.85,"['Hygiène & Beauté', 'Hygiène féminine et Incontinence', 'Serviettes hygièniques']",Vania,True,False,false,,,,[],https://courses.monoprix.fr/images-v3/0c44253f-c4a3-4340-9d37-d41e42b9d14a/ffaa836b-8faa-4f91-b42f-1051d153007d/300x300.jpg
Hygiène & Beauté,6f2d0f38-35d5-49b3-abc0-49293e05b052,MPX_3404169,Vania Serviettes Super Maxi Confort X16,2.85,2.85,"['Hygiène & Beauté', 'Hygiène féminine et Incontinence', 'Serviettes hygièniques']",Vania,True,False,false,,,,['Produit bio'],https://courses.monoprix.fr/images-v3/0c44253f-c4a3-4340-9d37-d41e42b9d14a/62dc2398-4a7f-4855-8440-55f2d384d61c/300x300.jpg
Hygiène & Beauté,8b037d76-a83b-4f26-aee7-13d30729b35e,MPX_6579788,Garnier Ultra Doux Après-Shampooing Nutrition Intense Avocat Karité 250ml,3.99,15.96,"['Nos sélections', 'Inspiration du moment', '& Routine beauté hiver', 'Soin et hydratation cheveux']",Ultra doux,True,False,false,,,250ml,[],https://courses.monoprix.fr/images-v3/0c44253f-c4a3-4340-9d37-d41e42b9d14a/2c8357be-4396-4935-a103-05df5acfc237/300x300.jpg
Hygiène & Beauté,24588ab6-26de-48d1-8ee0-c5e28a303436,MPX_6583027,Le petit Marseillais Gel douche & bain vanille Bio 650ml,5.15,7.92,"['Bio', 'Beauté bio', 'Douche, Bain et Savon bio']",Le petit marseillais,True,False,false,,,650ml,[],https://courses.monoprix.fr/images-v3/0c44253f-c4a3-4340-9d37-d41e42b9d14a/274e06f7-71ff-4239-bdea-a0deb402c71b/300x300.jpg
Hygiène & Beauté,2ea316aa-9fe3-4d3c-8a32-9a4cb459ef93,MPX_6631682,L'Oréal Paris Elseve Hyaluron Repulp Shampooing Ré-Hydratant 300ml,5.95,19.83,"['Hygiène & Beauté', 'Soins des cheveux', 'Shampoings', 'Cheveux secs et Abimés']",L'oréal paris,True,False,false,,,300ml,[],https://courses.monoprix.fr/images-v3/0c44253f-c4a3-4340-9d37-d41e42b9d14a/7aefc9b7-b2cf-4946-ada5-a9d3ca213a96/300x300.jpg
Hygiène & Beauté,3352b062-4e70-493a-991e-f85a7fb804f9,MPX_6574769,Elmex Dentifrice Sensitive Blancheur 0% colorants 75ml,5.59,74.53,"['Hygiène & Beauté', 'Hygiène dentaire', 'Dentifrices', 'Blancheur et fraîcheur']",Elmex,True,False,false,,,75ml,[],https://courses.monoprix.fr/images-v3/0c44253f-c4a3-4340-9d37-d41e42b9d14a/a5369fd7-f417-4b8f-a45d-a8e1aa8b5770/300x300.jpg
Hygiène & Beauté,4e13f55e-c1b4-4f01-ad5e-717dd1b6260c,MPX_3859087,Kleenex Mouchoirs Allergy Comfort Boîte x56,2.95,0.05,"['Hygiène & Beauté', 'Papiers toilette, Mouchoirs et Cotons', 'Mouchoirs', 'Boîtes']",Kleenex,True,False,false,,,56 par pack,[],https://courses.monoprix.fr/images-v3/0c44253f-c4a3-4340-9d37-d41e42b9d14a/dec94f2b-f9fe-4dc8-ae69-98610b9a8b56/300x300.jpg
Hygiène & Beauté,a416d404-3ef0-43f2-a554-823ec1540af4,MPX_4213507,Petit Cadum Gel Douche Corps & Cheveux Enfant Amande Douce 750ml,6.99,9.32,"['Hygiène & Beauté', 'Soins du corps', 'Gels Douche, Bain et Savons', 'Gels douche']",Cadum,True,False,false,,,750ml,[],https://courses.monoprix.fr/images-v3/0c44253f-c4a3-4340-9d37-d41e42b9d14a/6df6b41c-56dc-4026-9110-a203d265585f/300x300.jpg
Hygiène & Beauté,7437840a-82f3-4497-9be7-0820c150591b,MPX_11888,Teraxyl Dentifrice 2 en 1 Fraîcheur Menthe 75 ml,2.19,29.2,"['Hygiène & Beauté', 'Hygiène dentaire', 'Dentifrices', 'Blancheur et fraîcheur']",TERAXYL,True,False,false,,,75ml,[],https://courses.monoprix.fr/images-v3/0c44253f-c4a3-4340-9d37-d41e42b9d14a/bd8ec3e1-5083-4a27-a898-9e3241ebd2b0/300x300.jpg
Hygiène & Beauté,6c49039f-dcea-4362-aafc-e6e8b94b94ce,MPX_2428271,Dove Crème Lavante Pompe Soin des Mains Original 250ml,2.45,9.8,"['Hygiène & Beauté', 'Soins du corps', 'Gels Douche, Bain et Savons', 'Savons Liquides']",Dove,True,False,false,,,250ml,[],https://courses.monoprix.fr/images-v3/0c44253f-c4a3-4340-9d37-d41e42b9d14a/fc6302da-9b0b-4221-b848-30a9ac503824/300x300.jpg
Hygiène & Beauté,ede1e724-54f1-4ab4-8e7e-de8b04bd6978,MPX_3575944,Sanex Déodorant Stick Dermo Peaux sensibles 65ml,5.35,82.31,"['Nos sélections', 'Inspiration du moment', '& Kit du sportif', 'Déodorant et gel main']",Sanex,True,False,false,,,65ml,[],https://courses.monoprix.fr/images-v3/0c44253f-c4a3-4340-9d37-d41e42b9d14a/0e87cdc6-b251-4a04-9340-f9f926738c34/300x300.jpg
Hygiène & Beauté,35a7c494-3114-4c82-9571-fb74150d09b6,MPX_2262744,Monoprix BIO Dentifrice fraîcheur 75ml,2.89,38.53,"['Bio', 'Beauté bio', 'Dentifrice bio']",Monoprix Bio,True,False,false,,,75ml,[],https://courses.monoprix.fr/images-v3/0c44253f-c4a3-4340-9d37-d41e42b9d14a/be38fe43-b605-400b-b55c-42a3c02b6095/300x300.jpg
Hygiène & Beauté,ac8efb82-da54-45d6-be24-4de9f95578e6,MPX_6583032,Le petit Marseillais Gel douche & bain fleur de cerisier Bio 650ml,5.15,7.92,"['Bio', 'Beauté bio', 'Douche, Bain et Savon bio']",Le petit marseillais,True,False,false,,,650ml,[],https://courses.monoprix.fr/images-v3/0c44253f-c4a3-4340-9d37-d41e42b9d14a/1ff1bd06-d731-476e-8149-e66ece2eb9e9/300x300.jpg
Hygiène & Beauté,a96f3b47-6517-474c-91e6-eb298defe915,MPX_6574774,Elmex Dentifrice Anti-Caries Blancheur 0% colorants 75ml,5.99,79.87,"['Hygiène & Beauté', 'Hygiène dentaire', 'Dentifrices', 'Blancheur et fraîcheur']",Elmex,True,False,false,,,75ml,[],https://courses.monoprix.fr/images-v3/0c44253f-c4a3-4340-9d37-d41e42b9d14a/6cedfb38-f401-43c8-b9b9-c5cf7027d914/300x300.jpg
Hygiène & Beauté,76e3bf07-63cc-4c74-8546-9d6156d54ce5,MPX_3659166,Signal Dentifrice Integral 8 Nature Bicarbonate Fraîcheur & Détox 75Ml,3.19,42.53,"['Hygiène & Beauté', 'Hygiène dentaire', 'Dentifrices', 'Blancheur et fraîcheur']",Signal,True,False,false,,,75ml,[],https://courses.monoprix.fr/images-v3/0c44253f-c4a3-4340-9d37-d41e42b9d14a/e675f27a-ac62-49fe-b178-0fea67ed4af5/300x300.jpg
Hygiène & Beauté,18ffe39a-0c2c-4ef3-a8c1-fe6fee72e275,MPX_6720230,Sensodyne Dentifrice Répare & Protège 75ml,5.99,79.87,"['Hygiène & Beauté', 'Hygiène dentaire', 'Dentifrices', 'Soin complet']",Sensodyne,True,False,false,6.0,MONTH,75ml,[],https://courses.monoprix.fr/images-v3/0c44253f-c4a3-4340-9d37-d41e42b9d14a/f0a6df99-1907-418d-843d-cedc2a8eefd3/300x300.jpg
Hygiène & Beauté,bae94ea6-41cf-4e5e-8514-397aa6f8f763,MPX_3537957,Signal Dentifrice Antibactérien Integral 8 Nature Elements Charbon Blancheur & Détox 75ml,3.19,42.53,"['Hygiène & Beauté', 'Hygiène dentaire', 'Dentifrices', 'Blancheur et fraîcheur']",Signal,True,False,false,,,75ml,[],https://courses.monoprix.fr/images-v3/0c44253f-c4a3-4340-9d37-d41e42b9d14a/c70ea69b-ecdc-487f-9d8b-25794fd4f31f/300x300.jpg
Hygiène & Beauté,192e6c53-7cd4-425f-aee9-e839e37d82c7,MPX_1400503,Monoprix Cotons Disques Ultra Douceur Aloe Vera X60,1.89,1.89,"['Hygiène & Beauté', 'Papiers toilette, Mouchoirs et Cotons', 'Cotons']",Monoprix,True,False,false,,,,[],https://courses.monoprix.fr/images-v3/0c44253f-c4a3-4340-9d37-d41e42b9d14a/2caa7f78-eb00-4992-ab37-3c002712a802/300x300.jpg
Hygiène & Beauté,f423732f-391e-44ea-8301-af8c042ec010,MPX_6661108,Signal Dentifrice Système Blancheur 75ml,2.69,35.87,"['Hygiène & Beauté', 'Hygiène dentaire', 'Dentifrices', 'Blancheur et fraîcheur']",Signal,True,False,false,,,75ml,[],https://courses.monoprix.fr/images-v3/0c44253f-c4a3-4340-9d37-d41e42b9d14a/9c4ff927-fd0b-4463-9451-08294f5f87f4/300x300.jpg
Hygiène & Beauté,a7bf0859-ba55-42e8-a970-69cc1d2053dd,MPX_3207934,Batiste Shampooing Sec Nude 200ml,4.65,23.25,"['Hygiène & Beauté', 'Soins des cheveux', 'Shampoings secs']",Batiste,True,False,false,,,200ml,[],https://courses.monoprix.fr/images-v3/0c44253f-c4a3-4340-9d37-d41e42b9d14a/fd4bc154-7678-4ad3-b4da-0aa4289f29af/300x300.jpg
Hygiène & Beauté,3595d8e8-bdfb-4040-b243-e99c75e7b086,MPX_3232361,Signal Dentifrice Integral 8 Nature Elements Coco Blancheur 75ml,3.19,42.53,"['Hygiène & Beauté', 'Hygiène dentaire', 'Dentifrices', 'Blancheur et fraîcheur']",Signal,True,False,false,,,75ml,[],https://courses.monoprix.fr/images-v3/0c44253f-c4a3-4340-9d37-d41e42b9d14a/7bcdcc02-5e62-468a-b88c-fcbe2c0b933b/300x300.jpg
Hygiène & Beauté,be0384a0-b780-48a6-b095-8c58e9116e5d,MPX_2480636,Demak'Up Lingettes Au Lait Démaquillant À L'Amande & Coton x25,3.95,3.95,"['Hygiène & Beauté', 'Soins du visage', 'Démaquillants et Nettoyants', 'Lingettes']",DEMAK UP,True,False,false,,,,[],https://courses.monoprix.fr/images-v3/0c44253f-c4a3-4340-9d37-d41e42b9d14a/73fb4733-2634-4bfc-8e37-285dade1fa79/300x300.jpg
La Halle,96ea7327-fe14-40ee-b88e-f529cac2974f,MPX_3670413,El Pozo Fuetec À La Truffe 150G,5.15,34.33,"['Noël', 'Promos de Noël', ""Promos repas festif,\xa0jusqu'à 50% sur le 2ème sur une sélection festive""]",ELPOZO,True,False,false,4.0,WEEK,150g,[],https://courses.monoprix.fr/images-v3/0c44253f-c4a3-4340-9d37-d41e42b9d14a/d3e7c458-c22a-450c-aaa7-c84a7027eb6f/300x300.jpg
La Halle,85c50c5a-eef0-47ba-8383-d84b4260725f,MPX_2006844,"Treo Mezzaluna, Ricotta & Truffes Blanches 250g",3.45,13.8,"['Noël', 'Promos de Noël', ""Promos repas festif,\xa0jusqu'à 50% sur le 2ème sur une sélection festive""]",Treo,True,False,false,2.0,WEEK,250g,[],https://courses.monoprix.fr/images-v3/0c44253f-c4a3-4340-9d37-d41e42b9d14a/40c6fb03-86bf-40d0-9aaf-6057ec894b6e/300x300.jpg
La Halle,297a0a26-8eb4-4f31-9bc5-bf65573db076,MPX_2963137,Monoprix Gourmet Burrata au lait de vache 120g,2.99,24.92,"['Nos sélections', 'Inspiration du moment', '& Le Coin du marché', 'Fromage']",Monoprix Gourmet,True,False,false,6.0,DAY,120g,[],https://courses.monoprix.fr/images-v3/0c44253f-c4a3-4340-9d37-d41e42b9d14a/06aeafcd-58fc-44b4-8fd0-e8590d50b9b8/300x300.jpg
La Halle,a5645a8a-2635-4a1d-b7fe-f5abd2bb893a,MPX_4420025,Natoora Oranges à Jus - 1kg,3.99,3.99,"['Fruits & Légumes', 'Natoora le Primeur', 'Fruits']",Natoora,True,False,false,2.0,DAY,1kg,[],https://courses.monoprix.fr/images-v3/0c44253f-c4a3-4340-9d37-d41e42b9d14a/8293ea36-1502-4fde-aaf7-6dbd05aae517/300x300.jpg
La Halle,d3263597-b6e9-4b70-a416-81b17d32795d,MPX_2279729,Monoprix Gourmet Burrata 250g,5.29,21.16,"['Nos sélections', 'Inspiration du moment', '& Le Coin du marché', 'Fromage']",Monoprix Gourmet,True,False,false,4.0,DAY,250g,[],https://courses.monoprix.fr/images-v3/0c44253f-c4a3-4340-9d37-d41e42b9d14a/c6e4c39d-03a1-4648-b6ed-ad0ba716e3ed/300x300.jpg
La Halle,33496511-561a-402c-b7cb-61a22b2274af,MPX_4419983,Monoprix Gourmet Viande Hachée race limousine 12% MG Label Rouge 300g,5.69,18.97,"['Boucherie et Volaille', 'Boucherie', 'Boucherie à la coupe']",Monoprix Gourmet,True,False,false,3.0,DAY,300g,[],https://courses.monoprix.fr/images-v3/0c44253f-c4a3-4340-9d37-d41e42b9d14a/e74eec3c-caff-434c-ae19-eeb8a3f3c3b3/300x300.jpg
La Halle,39418b73-e2d3-4b60-a9b8-d46a70d4762d,MPX_4920155,Natoora Poireaux Nouveaux Cat: I - 500g,2.49,4.98,"['Fruits & Légumes', 'Natoora le Primeur', 'Légumes, Salades et Herbes']",Natoora,True,False,false,3.0,DAY,500g,[],https://courses.monoprix.fr/images-v3/0c44253f-c4a3-4340-9d37-d41e42b9d14a/8db47362-600d-48c4-a270-09056b80b20c/300x300.jpg
La Halle,c38f72b8-06f8-47d6-bf44-89475634308c,MPX_4122967,Monoprix Tous Cultiv'Acteurs Échalote Traditionnelle 250g,1.99,7.96,"['Fruits & Légumes', 'Légumes Frais', 'Ail, Oignons et Echalotes', 'Echalote']",Monoprix,True,False,false,1.0,WEEK,250g,[],https://courses.monoprix.fr/images-v3/0c44253f-c4a3-4340-9d37-d41e42b9d14a/d0289307-9c03-40cf-bf41-bd9c38fcf451/300x300.jpg
La Halle,62bbe9e6-71b7-41c3-a02f-80bbd7fabaf9,MPX_4920159,Natoora Avocat Hass - Gros Calibre - 2 pièces - CAT: Extra,5.29,2.65,"['Fruits & Légumes', 'Légumes Frais', 'Avocats, Concombres et Radis', 'Avocat']",Natoora,True,False,false,2.0,DAY,2 par pack,[],https://courses.monoprix.fr/images-v3/0c44253f-c4a3-4340-9d37-d41e42b9d14a/097e8029-5f99-46a8-a888-d7e8cb518af0/300x300.jpg
La Halle,f1113fa5-713c-43b1-95bb-c1c59bf658c7,MPX_3069827,Mavrommatis Yaourt Grec Au Lait De Vache 10% M.G. 1kg,5.99,5.99,"['Nos sélections', 'Inspiration du moment', '& Le Coin du marché', 'Fromage']",Mavrommatis,True,False,false,2.0,WEEK,1kg,[],https://courses.monoprix.fr/images-v3/0c44253f-c4a3-4340-9d37-d41e42b9d14a/7fcb4f48-8f8c-4c75-adc6-82b97ac039a9/300x300.jpg
La Halle,9194d662-a266-4cba-820f-1b77f989aaca,MPX_4420021,Natoora Pommes de Terre - Grenaille - 500g,3.65,7.3,"['Fruits & Légumes', 'Natoora le Primeur', 'Légumes, Salades et Herbes']",Natoora,True,False,false,1.0,WEEK,500g,[],https://courses.monoprix.fr/images-v3/0c44253f-c4a3-4340-9d37-d41e42b9d14a/9b24ece0-063c-45c9-b7d9-e6fe765da76b/300x300.jpg
La Halle,c2b1a5a7-71af-4988-b091-87229ee46df1,MPX_3513665,Monoprix Gourmet Pave Saumon d’Ecosse 240g,11.99,49.96,"['La Halle', 'La Poissonnerie']",Monoprix Gourmet,True,False,false,2.0,DAY,240g,[],https://courses.monoprix.fr/images-v3/0c44253f-c4a3-4340-9d37-d41e42b9d14a/c2260b0a-88a5-4460-ae97-dc982807c8f5/300x300.jpg
La Halle,21668a39-1d99-4666-8303-655f7c86f62d,MPX_3033163,Monoprix Gourmet Parmigiano Reggiano 200g,6.54,31.9,"['Produits du monde', 'Italie - Italia', 'Mozzarella, Parmesan, Burrata et Ricotta']",Monoprix Gourmet,True,False,false,1.0,WEEK,205,[],https://courses.monoprix.fr/images-v3/0c44253f-c4a3-4340-9d37-d41e42b9d14a/d7150a9a-fce4-45c4-823d-79c75ee2f4a0/300x300.jpg
La Halle,2007a0e3-3840-42f2-bcd3-e5628e7e33b9,MPX_3536940,Mavrommatis Paris Yaourt Grec Nature 500g,3.49,6.98,"['Nos sélections', 'Inspiration du moment', '& Le Coin du marché', 'Produits laitiers et oeufs']",MAVROMMATIS,True,False,false,2.0,WEEK,500g,[],https://courses.monoprix.fr/images-v3/0c44253f-c4a3-4340-9d37-d41e42b9d14a/3db8d0db-5081-41b1-9a5f-660153a823a4/300x300.jpg
La Halle,98e6fb8d-21e7-4d3b-9dcc-f6c314c4cc1c,MPX_6574794,Natoora Gingembre - 200gr,1.99,9.95,"['Fruits & Légumes', 'Natoora le Primeur', 'Légumes, Salades et Herbes']",Natoora,True,False,false,2.0,DAY,200g,[],https://courses.monoprix.fr/images-v3/0c44253f-c4a3-4340-9d37-d41e42b9d14a/fabd3dbe-b2e5-4459-b9ba-d69bf5de2105/300x300.jpg
La Halle,fe20666b-c7f9-4247-a268-59e6fed553dc,MPX_1243949,Monoprix Gourmet Parmigiano Reggiano env. 170/180g,6.36,34.39,"['Produits du monde', 'Italie - Italia', 'Mozzarella, Parmesan, Burrata et Ricotta']",Monoprix Gourmet,True,False,false,4.0,WEEK,185,[],https://courses.monoprix.fr/images-v3/0c44253f-c4a3-4340-9d37-d41e42b9d14a/5fec6d4a-12fd-4482-be70-fe0a009f40f1/300x300.jpg
La Halle,0c993851-30ba-472f-b818-24474305e268,MPX_2737291,Clémentine Baluchon 1.5kg,5.99,3.99,"['Fruits & Légumes', 'Fruits Frais', 'Agrumes', 'Clémentine']",-,True,False,false,2.0,DAY,1.5kg,[],https://courses.monoprix.fr/images-v3/0c44253f-c4a3-4340-9d37-d41e42b9d14a/6a8652aa-e79b-4683-976c-35823d34924f/300x300.jpg
La Halle,09ddb244-106c-4a24-8dd7-4251167d6afd,MPX_1684369,Monoprix Tous Cultiv'Acteurs Pomme Golden x4 Catégorie 1,2.99,0.75,"['Fruits & Légumes', 'Monoprix Tous Cultiv’Acteurs', 'Fruits']",MONOPRIX,True,False,false,3.0,DAY,4 par pack,[],https://courses.monoprix.fr/images-v3/0c44253f-c4a3-4340-9d37-d41e42b9d14a/9b8c4671-5272-4a86-9a07-8916b665ed14/300x300.jpg
La Halle,f4b017e4-2d33-450f-98a9-6d1d376436aa,MPX_3033160,Monoprix Gourmet Burrata di Bufala 125g,3.25,26.0,"['Produits du monde', 'Italie - Italia', 'Mozzarella, Parmesan, Burrata et Ricotta']",Monoprix Gourmet,True,False,false,4.0,DAY,125g,[],https://courses.monoprix.fr/images-v3/0c44253f-c4a3-4340-9d37-d41e42b9d14a/454738dd-f4bc-4825-becf-c7d86341329e/300x300.jpg
La Halle,b86426e6-e786-4c65-ae53-65623c7427f8,MPX_2441484,Monoprix Crevettes Entières Cuites 200g,4.0,20.0,"['La Halle', 'La Poissonnerie']",Monoprix,True,False,false,3.0,DAY,200g,[],https://courses.monoprix.fr/images-v3/0c44253f-c4a3-4340-9d37-d41e42b9d14a/1a065c7e-391e-4d49-b7be-e90cd6ef120f/300x300.jpg
La Halle,29c9c17c-04e5-49d1-be2b-89b71f5b7204,MPX_3822924,Monoprix Gourmet Burrata À La Truffe D'Été 120G,3.99,33.25,"['La Halle', 'Boutique autour de la truffe']",Monoprix Gourmet,True,False,false,6.0,DAY,120g,[],https://courses.monoprix.fr/images-v3/0c44253f-c4a3-4340-9d37-d41e42b9d14a/4bee77f7-cc4f-430e-9152-6be94c0ab8eb/300x300.jpg
La Halle,bd6a1203-c574-4a78-8c7e-12c4508e804a,MPX_6574790,Epinard Feuille Cat: I 200g,1.19,5.95,"['Fruits & Légumes', 'Natoora le Primeur', 'Légumes, Salades et Herbes']",Natoora,True,False,false,1.0,DAY,200g,[],https://courses.monoprix.fr/images-v3/0c44253f-c4a3-4340-9d37-d41e42b9d14a/0016ef0c-0fd4-4936-9790-bab7d86afc23/300x300.jpg
La Halle,68afe0cb-c194-4740-96d0-44fac2e7d1e4,MPX_4747132,Monoprix Steak haché 5%MG 2x 125g,5.39,21.56,"['Boucherie et Volaille', 'Boucherie', 'Boucherie à la coupe']",Monoprix Gourmet,True,False,false,4.0,DAY,250g,[],https://courses.monoprix.fr/images-v3/0c44253f-c4a3-4340-9d37-d41e42b9d14a/478f39db-0092-45c6-b88d-977cc684a562/300x300.jpg
La Halle,4cad9727-4da7-4289-a05a-676e8dffe6e3,MPX_4419989,Monoprix Gourmet Steak Haché 12%Mg 250g,5.09,20.36,"['Boucherie et Volaille', 'Boucherie', 'Boucherie à la coupe']",Monoprix Gourmet,True,False,false,3.0,DAY,250g,[],https://courses.monoprix.fr/images-v3/0c44253f-c4a3-4340-9d37-d41e42b9d14a/7c828956-0262-4ca3-9d7a-dade3d1765bb/300x300.jpg
La Halle,bbdf17dd-3ae4-46e9-8500-ce1ba3c6f2fb,MPX_4200355,Monoprix Bio Origines Steack Haché 5% Flow x2 250g,5.59,22.36,"['Bio', 'Boucherie et Volaille bio', 'Boucherie bio']",Monoprix Bio,True,False,false,3.0,DAY,250g,['Produit bio'],https://courses.monoprix.fr/images-v3/0c44253f-c4a3-4340-9d37-d41e42b9d14a/65e2acef-53de-4552-8a67-a712ad9b4938/300x300.jpg
La Halle,e4ccfe98-2cdd-470c-9d64-c73da54271b3,MPX_3886549,Parmigiano Reggiano AOP de Montagne 24 Mois 150g,5.39,35.93,"['Produits du monde', 'Italie - Italia', 'Mozzarella, Parmesan, Burrata et Ricotta']",NoBrand,True,False,false,1.0,MONTH,150g,[],https://courses.monoprix.fr/images-v3/0c44253f-c4a3-4340-9d37-d41e42b9d14a/152f1e74-1cfd-48ab-8a55-465db5a9adf1/300x300.jpg
La Halle,efaa14f7-419c-486b-a495-eb34d9f80a5c,MPX_3986148,Monoprix Gourmet Ravioli Ricotta Truffe 230g,4.99,21.7,"['La Halle', 'Boutique autour de la truffe']",Monoprix Gourmet,True,False,false,2.0,WEEK,230g,[],https://courses.monoprix.fr/images-v3/0c44253f-c4a3-4340-9d37-d41e42b9d14a/271ecfd7-8760-4492-a59b-66a8f36aab86/300x300.jpg
La Halle,40e15e84-2b59-4a2b-b2cf-99a8924e1ead,MPX_2811063,Monoprix Bio Chipolatas X6,4.99,16.63,"['Bio', 'Boucherie et Volaille bio', 'Boucherie bio']",Monoprix Bio,True,False,false,3.0,DAY,300g,['Produit bio'],https://courses.monoprix.fr/images-v3/0c44253f-c4a3-4340-9d37-d41e42b9d14a/8bddc06b-9c65-4a5e-a59c-aea5bdf5e6f0/300x300.jpg
La Halle,e4e524a1-11a8-4bcb-9ff6-590f7ff86213,MPX_4079059,Mavrommatis Halloumi Fromage De Chypre À Griller 225g,4.7,20.89,"['Nos sélections', 'Inspiration du moment', '& Le Coin du marché', 'Fromage']",Mavrommatis,True,False,false,2.0,MONTH,225g,[],https://courses.monoprix.fr/images-v3/0c44253f-c4a3-4340-9d37-d41e42b9d14a/2a0f1856-5965-4dd2-8443-cda4aa5f715d/300x300.jpg
La Halle,38e1eedf-8fac-4280-85c0-601ca540cb75,MPX_4247116,Mavrommatis Yaourt grec vache Bio 1kg,6.89,6.89,"['Bio', 'Crèmerie bio', 'Yaourt bio']",Mavrommatis,True,False,false,1.0,WEEK,1kg,['Produit bio'],https://courses.monoprix.fr/images-v3/0c44253f-c4a3-4340-9d37-d41e42b9d14a/b63423fe-d98b-4eaa-9811-069a68c9a4e0/300x300.jpg
La Halle,ebf53c24-2bf4-4e5f-a7e5-a91e7cc54682,MPX_2410026,Monoprix Bio Noisette d'Agneau Bio x2 160g,5.26,27.69,"['Bio', 'Boucherie et Volaille bio', 'Boucherie bio']",Monoprix Bio,True,False,false,4.0,DAY,190,[],https://courses.monoprix.fr/images-v3/0c44253f-c4a3-4340-9d37-d41e42b9d14a/f3eec9fd-8e6d-4455-8819-2e6175e53626/300x300.jpg
La Halle,ad912694-f4d7-4d23-831a-f74794007f88,MPX_4262287,Butternut - 1 pièce CAT:1,4.99,4.99,"['Fruits & Légumes', 'Légumes Frais', 'Légumes de saison']",Natoora,True,False,false,4.0,DAY,,[],https://courses.monoprix.fr/images-v3/0c44253f-c4a3-4340-9d37-d41e42b9d14a/bf79720c-13f6-4e1c-883b-fbd709713b6e/300x300.jpg
La Halle,91edb4df-bfc9-445b-bdfe-75e5a5925858,MPX_4001991,Briau Teille Sétoise 210g,3.99,19.0,"['La Halle', 'La Poissonnerie']",Briau,True,False,false,5.0,DAY,210g,[],https://courses.monoprix.fr/images-v3/0c44253f-c4a3-4340-9d37-d41e42b9d14a/b2a05d0a-ac80-4444-a66c-f3286e94a62d/300x300.jpg
La Halle,042d52a2-96cb-4853-b969-52c1fc292afc,MPX_4122546,Naturals Jambon Cuit Naturals 90g,5.59,62.11,"['Nos sélections', 'Inspiration du moment', '& Le Coin du marché', 'Charcuterie']",Naturals,True,False,false,1.0,WEEK,90g,[],https://courses.monoprix.fr/images-v3/0c44253f-c4a3-4340-9d37-d41e42b9d14a/94ad9ca8-a85a-4b0f-81cf-773e293451d5/300x300.jpg
La Halle,f6e7daf2-2776-4be6-acd6-23e61ca5e1a3,MPX_3823427,Bio la Viande Entrecôte de Boeuf x1 200g,6.48,32.39,"['Bio', 'Boucherie et Volaille bio', 'Boucherie bio']",Comptoir des Viandes Bio,True,False,false,1.0,WEEK,200,[],https://courses.monoprix.fr/images-v3/0c44253f-c4a3-4340-9d37-d41e42b9d14a/57b3901d-de08-4a19-bdb3-c59074d55eaa/300x300.jpg
La Halle,6e7c0c94-0399-4e54-89cf-47dcd04e198d,MPX_3428743,Mavrommatis Yaourt Grec Brebis 450g,3.99,8.87,"['La Halle', 'Boutique Mavrommatis']",MAVROMMATIS,True,False,false,2.0,WEEK,450g,[],https://courses.monoprix.fr/images-v3/0c44253f-c4a3-4340-9d37-d41e42b9d14a/f35497f2-8c5c-409b-adb8-65c303635cc2/300x300.jpg
La Halle,b149b97b-96f8-4e65-a57a-8be669c6de29,MPX_4122545,Naturals Mortadelle Pistaches 90g,4.49,49.89,"['Nos sélections', 'Inspiration du moment', '& Le Coin du marché', 'Charcuterie']",Naturals,True,False,false,1.0,WEEK,90g,[],https://courses.monoprix.fr/images-v3/0c44253f-c4a3-4340-9d37-d41e42b9d14a/3e886f94-18a6-49be-bb07-8a4574a5f61c/300x300.jpg
La Halle,f8e376ad-639e-498b-87f8-0cc3fbe70b7d,MPX_2290292,Monoprix Gourmet Parmigiano Reggiano 150g,7.75,51.67,"['Nos sélections', 'Inspiration du moment', '& Le Coin du marché', 'Fromage']",Monoprix Gourmet,True,False,false,3.0,WEEK,150g,[],https://courses.monoprix.fr/images-v3/0c44253f-c4a3-4340-9d37-d41e42b9d14a/06b92f0e-a56b-46ae-8b0f-8ed977fe7846/300x300.jpg
La Halle,d7302e16-0cfd-4cd6-b02e-728e23d029d8,MPX_3058211,Monoprix Gourmet Rôti de Boeuf 800g,15.99,19.99,"['Boucherie et Volaille', 'Boucherie', 'Boucherie à la coupe']",Monoprix Gourmet,True,False,false,2.0,DAY,800,[],https://courses.monoprix.fr/images-v3/0c44253f-c4a3-4340-9d37-d41e42b9d14a/c2a851b6-3bef-4bf7-aa46-ee0ff67a76f1/300x300.jpg
La Halle,e2977c79-9ec7-4260-9d3f-6fc5964bbb52,MPX_1626710,Mavrommatis Taboule Vert Au Blé Concassé,4.79,29.94,"['Epicerie Salée', 'Produits du monde', 'Grèce']",MAVROMMATIS,True,False,false,3.0,DAY,160g,[],https://courses.monoprix.fr/images-v3/0c44253f-c4a3-4340-9d37-d41e42b9d14a/49b53276-acec-44ad-a4ba-4d7e464408b8/300x300.jpg
La Halle,32b9f843-60e1-4f1f-b816-c33504fd2823,MPX_3717834,Marie Anne Cantin Roquefort AOP au lait cru de brebis 100g,3.89,38.9,"['La Halle', 'Boutique Marie Anne Cantin']",Marie-Anne Cantin,True,False,false,3.0,WEEK,100g,[],https://courses.monoprix.fr/images-v3/0c44253f-c4a3-4340-9d37-d41e42b9d14a/ec307abd-415c-41fb-8e79-866ac3326089/300x300.jpg
La Halle,8a812a4f-cf07-4a56-8622-51a82d57a728,MPX_1626535,Mavromatis Eliopitta Aux Olives 125g,4.8,38.4,"['Nos sélections', 'Inspiration du moment', '& Le Coin du marché', 'Traiteur']",MAVROMATIS,True,False,false,5.0,DAY,125g,[],https://courses.monoprix.fr/images-v3/0c44253f-c4a3-4340-9d37-d41e42b9d14a/092a45b2-0682-4086-82ca-3fb6b1c69b1e/300x300.jpg
La Halle,bdaec66b-02d5-46fe-9cb4-005d78fb567e,MPX_3887987,Marie Anne Cantin Fondue Savoyarde 400g,9.99,24.98,"['Nos sélections', 'Inspiration du moment', '& Le Coin du marché', 'Fromage']",MARIE ANNE CANTIN,True,False,false,2.0,WEEK,400g,[],https://courses.monoprix.fr/images-v3/0c44253f-c4a3-4340-9d37-d41e42b9d14a/160ee56d-169b-4234-a214-9bfbd1a213cf/300x300.jpg
La Halle,53767911-4e6f-4691-9dbe-2fb02eac3c51,MPX_4200633,Les Niçois Mayonnaise Piment Espelette de Tonton Fifi 105g,3.79,36.1,"['Nos régions de France', 'Paca', 'Sardinade, anchois et autres apéritifs de la mer']",Les Niçois,True,False,false,2.0,MONTH,105g,[],https://courses.monoprix.fr/images-v3/0c44253f-c4a3-4340-9d37-d41e42b9d14a/6713c357-e5c1-4fda-a8ef-8f27ac841e0c/300x300.jpg
La Halle,599dff93-5871-498e-bb11-4a3defa5f9d4,MPX_3513646,"Les Niçois Mini-Tuiles, Graines de Lin, Pavot de Tonton Jijou 200g",3.99,19.95,"['Epicerie Salée', 'Produit apéritif', 'Chips et Biscuit Apéritif', 'Tuile et Tortilla']",Les nicois,True,False,false,2.0,MONTH,200g,[],https://courses.monoprix.fr/images-v3/0c44253f-c4a3-4340-9d37-d41e42b9d14a/de91ea68-bd19-45ed-8be5-93e3c3108070/300x300.jpg
La Halle,1f5a4dea-55e7-426f-9ff5-73edebbb787c,MPX_3872762,Brioche bio tranchée Viennoiseries 350g,4.99,14.26,"['Bio', 'Pain et Galette de riz bio', 'Pain et Biscotte bio']",-,True,False,false,6.0,DAY,350g,['Produit bio'],https://courses.monoprix.fr/images-v3/0c44253f-c4a3-4340-9d37-d41e42b9d14a/f6834de2-0116-4ec1-a948-39e4249f9f1b/300x300.jpg
La Halle,a4e2d7b5-b662-4ee6-960c-39cbabd08a0f,MPX_3870838,Tuile Coudee Amande 140G,4.39,31.36,"['La Halle', 'Le Traiteur']",Casino,True,False,false,1.0,WEEK,140g,[],https://courses.monoprix.fr/images-v3/0c44253f-c4a3-4340-9d37-d41e42b9d14a/d301cf1d-4649-4018-83f2-3b6c57b82a9d/300x300.jpg
La Halle,bf2c15a3-00f4-4574-a67c-710e903ab3f0,MPX_4001964,Bouchées Hôtelières à Garnir Boîte x4 152g,3.29,21.64,"['La Halle', 'Le Pain en ville']",JEAN DUCOURTIEUX,True,False,false,2.0,MONTH,4 x 38g,[],https://courses.monoprix.fr/images-v3/0c44253f-c4a3-4340-9d37-d41e42b9d14a/2043e6e7-9cb6-4f32-9a8a-620740f1f52d/300x300.jpg
La Halle,cae9637e-efde-4e19-a5b2-1090011c2e3c,MPX_2048964,Marie Anne Cantin Confiture Cerise Noire 125g,2.99,23.92,"['La Halle', 'Boutique Marie Anne Cantin']",MARIE ANNE CANTIN,True,False,false,6.0,MONTH,125g,[],https://courses.monoprix.fr/images-v3/0c44253f-c4a3-4340-9d37-d41e42b9d14a/3ec4206e-0a18-473e-b555-338801da5bc9/300x300.jpg
La Halle,55c2367a-c7c4-4470-831c-b9ccc002d825,MPX_4220102,Snowdonia Cheddar Ail Et Herbes 200G,7.9,39.5,"['Nos sélections', 'Inspiration du moment', '& Le Coin du marché', 'Fromage']",SNOWDONIA,True,False,false,3.0,WEEK,200g,[],https://courses.monoprix.fr/images-v3/0c44253f-c4a3-4340-9d37-d41e42b9d14a/0f61d020-282f-4e26-930c-9ff79f1e7fd2/300x300.jpg
La Halle,d46d4ba0-9a55-4804-a5e8-072c73acde0a,MPX_6565623,Pavé de saumon fumé aux 5 baies 125g,8.99,71.92,"['La Halle', 'La Poissonnerie']",Autre Marque,True,False,false,2.0,DAY,125g,[],https://courses.monoprix.fr/images-v3/0c44253f-c4a3-4340-9d37-d41e42b9d14a/d3da964d-8110-439a-a9d9-58e3c0debb6a/300x300.jpg
La Halle,60ca851c-e57e-4669-9d8f-251afeb3bd80,MPX_4219797,Snowdonia Cheddar Amber Mist Au Whisky 200G,7.9,39.5,"['Nos sélections', 'Inspiration du moment', '& Le Coin du marché', 'Fromage']",SNOWDONIA,True,False,false,3.0,WEEK,200g,[],https://courses.monoprix.fr/images-v3/0c44253f-c4a3-4340-9d37-d41e42b9d14a/82bb2667-08c0-4cad-bd92-0897954e6cdb/300x300.jpg
La Halle,9831440a-b318-411b-8c80-3fef3ba89a1d,MPX_2950056,Atelier de Chateaubourg Assiette auvergne 355g,13.2,37.18,"['Nos régions de France', 'Auvergne Rhône Alpes', 'Auvergne']",ATELIER DE CHATEAUBOURG,True,False,false,1.0,WEEK,355g,[],https://courses.monoprix.fr/images-v3/0c44253f-c4a3-4340-9d37-d41e42b9d14a/da903e3e-8374-47f9-9eb6-7710e86ba4ff/300x300.jpg
La Halle,2b60bbda-6de0-4192-9824-d54ab2cb9d1f,MPX_2411718,Marie Anne Cantin Fromage De Chèvre Au Lait Cru 200g,5.9,29.5,"['La Halle', 'Boutique Marie Anne Cantin']",Marie-Anne Cantin,True,False,false,2.0,WEEK,200g,[],https://courses.monoprix.fr/images-v3/0c44253f-c4a3-4340-9d37-d41e42b9d14a/cef04902-d05f-4840-9948-7b8d817e1d74/300x300.jpg
La Halle,bb420038-bd76-4378-9bb0-c4ffb3f7089a,MPX_2077591,Marie Anne Cantin Le Lunaire Fromage De Chèvre Moulé À La Louche 250g,7.9,31.6,"['La Halle', 'Boutique Marie Anne Cantin']",MARIE ANNE CANTIN,True,False,false,2.0,WEEK,250g,[],https://courses.monoprix.fr/images-v3/0c44253f-c4a3-4340-9d37-d41e42b9d14a/4335e94d-71d9-4f19-b6e0-50ab158fd510/300x300.jpg
La Halle,bdbc8b78-0ac6-4325-add7-2cd2fe53cda3,MPX_3635566,Fromagerie Milleret L'ortolan à la truffe 135g,3.99,27.52,"['La Halle', 'Boutique autour de la truffe']",Fromagerie MILLERET,True,False,false,2.0,WEEK,145g,['Produit végétarien'],https://courses.monoprix.fr/images-v3/0c44253f-c4a3-4340-9d37-d41e42b9d14a/c244b15a-520d-434f-9cef-96cadd0a871a/300x300.jpg
La Halle,12a98939-8f82-4824-abb2-487fa914ee19,MPX_1895355,Jean Perrin Plateau Pour Raclette 3 Saveurs 360g,9.85,27.36,"['Nos sélections', 'Inspiration du moment', '& Le Coin du marché', 'Fromage']",Jean PERRIN,True,False,false,1.0,WEEK,360g,[],https://courses.monoprix.fr/images-v3/0c44253f-c4a3-4340-9d37-d41e42b9d14a/28d65e5f-0164-4762-b615-dc554c4648e2/300x300.jpg
La Halle,0456fd82-3156-461b-adfa-438a45008c97,MPX_2202807,Marie Anne Cantin Fromage Beaufort Chalet D'Alpage 3kg,160.05,48.5,"['La Halle', 'Boutique Marie Anne Cantin']",BETHMALE,True,False,false,1.0,WEEK,3.3,[],https://courses.monoprix.fr/images-v3/0c44253f-c4a3-4340-9d37-d41e42b9d14a/4798474e-0275-4ae4-ac67-2ef7a7424a10/300x300.jpg
La Halle,383afff1-117c-413b-953c-a9184ce1fec9,MPX_4206131,Monoprix Gourmet Houmous Aromatisé Truffe D'Été 175G,3.69,21.09,"['Epicerie Salée', 'Produit apéritif', 'Tartinable et Produit de la Mer', 'Houmous et Tarama']",Monoprix Gourmet,True,False,false,2.0,WEEK,175g,[],https://courses.monoprix.fr/images-v3/0c44253f-c4a3-4340-9d37-d41e42b9d14a/a5cce4c6-13a1-42d0-ac04-c7822e72dfa5/300x300.jpg
La Halle,1425ebd5-6454-45fa-8bb3-466346c967b7,MPX_3209380,Treo Torrone Amande Pistache Cramberry 150g,5.9,39.33,"['La Halle', 'La Fromagerie']",Treo,True,False,false,1.0,MONTH,150g,[],https://courses.monoprix.fr/images-v3/0c44253f-c4a3-4340-9d37-d41e42b9d14a/b6262392-e856-4b86-85ba-73e093b6c396/300x300.jpg
La Halle,40fa7a8f-8e14-4789-b48c-707392f4db31,MPX_3875024,Quenelles de Brochet aux Ecrevisses X2 240g,6.49,27.04,"['Nos régions de France', 'Auvergne Rhône Alpes', 'Crozets, ravioles, quenelles et pâtes']",MAISON MALARTRE,True,False,false,5.0,DAY,2 x 120g,[],https://courses.monoprix.fr/images-v3/0c44253f-c4a3-4340-9d37-d41e42b9d14a/6d92f55c-9940-431c-b43a-76491c9bbba9/300x300.jpg
La Halle,0346a827-3b0f-4d0e-8d35-24fe3fda6e86,MPX_3599480,Isigny Sainte Mère Préparation culinaire à base de crème et truffes 20cl,8.5,42.5,"['La Halle', 'Boutique autour de la truffe']",Isigny Sainte Mère,True,False,false,2.0,WEEK,200ml,[],https://courses.monoprix.fr/images-v3/0c44253f-c4a3-4340-9d37-d41e42b9d14a/4adedcb2-d88c-45fd-bc04-79758d672f52/300x300.jpg
La Halle,2c53fad4-4353-45dc-bb83-d2ea8d68140a,MPX_2201691,Marie Anne Cantin Fromage De Chèvre Au Lait Cru 80g,3.4,42.5,"['La Halle', 'Boutique Marie Anne Cantin']",Marie-Anne Cantin,True,False,false,2.0,WEEK,80g,[],https://courses.monoprix.fr/images-v3/0c44253f-c4a3-4340-9d37-d41e42b9d14a/cc0095bd-6c3d-44cd-a67c-38861718b6da/300x300.jpg
La Halle,708b97f0-d199-49de-9dc8-daae284e4188,MPX_3209382,Treo Torrone Amande Vanille 150g,5.9,39.33,"['La Halle', 'La Fromagerie']",Treo,True,False,false,1.0,MONTH,150g,[],https://courses.monoprix.fr/images-v3/0c44253f-c4a3-4340-9d37-d41e42b9d14a/3fcbecdd-9bc0-46ed-9d4f-a4492e019bb5/300x300.jpg
La Halle,80c1f352-c35f-47e8-85d3-334042a8c77a,MPX_3209384,Treo Torrone noisette chocolat 150g,5.9,39.33,"['La Halle', 'La Fromagerie']",Treo,True,False,false,1.0,MONTH,150g,[],https://courses.monoprix.fr/images-v3/0c44253f-c4a3-4340-9d37-d41e42b9d14a/6176355e-fc72-4a1a-af31-27dc8b148c5b/300x300.jpg
La Halle,1baf474f-b5b2-4cc6-b2cb-395cd452b28c,MPX_3209381,Treo Toronne Amande pistache fraise,5.9,39.33,"['La Halle', 'Boutique Trattoria']",TREO,True,False,false,1.0,MONTH,150g,[],https://courses.monoprix.fr/images-v3/0c44253f-c4a3-4340-9d37-d41e42b9d14a/e7c72f47-a381-410a-8496-2c9540e21163/300x300.jpg
La Halle,3ecff055-6be1-46e3-a254-07c0e5bd4fa0,MPX_3209383,Treo Torrone Mix 150g,5.9,39.33,"['La Halle', 'La Fromagerie']",TREO,True,False,false,1.0,MONTH,150g,[],https://courses.monoprix.fr/images-v3/0c44253f-c4a3-4340-9d37-d41e42b9d14a/492fafc7-0169-4a7a-b404-3e7f87791065/300x300.jpg
La Halle,4b7c0b14-8a34-426e-b37b-c735b9e81218,MPX_6574791,Natoora Champignon Pleurote Cat : I -150g,3.29,21.93,"['Fruits & Légumes', 'Natoora le Primeur', 'Légumes, Salades et Herbes']",Natoora,True,False,false,1.0,DAY,150g,[],https://courses.monoprix.fr/images-v3/0c44253f-c4a3-4340-9d37-d41e42b9d14a/af975f68-ca10-44bb-84eb-794c76a29b3b/300x300.jpg
La Halle,4a8eedea-cf07-48ed-855e-8cd95c530ab1,MPX_1626701,Andréas Mavrommatis Caviar d'Aubergine 160g,4.59,28.69,"['Epicerie Salée', 'Produit apéritif', 'Tartinable et Produit de la Mer', 'Tapenade et Autre Tartinable']",MAVROMMATIS,True,False,false,3.0,DAY,160g,[],https://courses.monoprix.fr/images-v3/0c44253f-c4a3-4340-9d37-d41e42b9d14a/ee6cfd0f-a841-426b-9504-a32e353113b9/300x300.jpg
La Halle,03d778bc-eafc-47b6-9d96-71b9d26b9f7f,MPX_3671043,Cité Marine Anneaux de Calamars à la Romaine 180g,4.5,25.0,"['La Halle', 'La Poissonnerie']",Cité Marine,True,False,false,5.0,DAY,180g,[],https://courses.monoprix.fr/images-v3/0c44253f-c4a3-4340-9d37-d41e42b9d14a/310ee703-3b12-41bf-9290-27eb68e5568b/300x300.jpg
La Halle,45ee6344-9204-42e2-9463-5b3ee9474a84,MPX_3058778,Les Niçois Mini-focaccias au romarin de Tata Rita 200g,4.19,20.95,"['Epicerie Salée', 'Produit apéritif', 'Chips et Biscuit Apéritif', 'Crackers et Bretzel']",Les nicois,True,False,false,6.0,MONTH,200g,[],https://courses.monoprix.fr/images-v3/0c44253f-c4a3-4340-9d37-d41e42b9d14a/68adb170-ef0d-4295-9f45-4894a54c2907/300x300.jpg
La Halle,834b5e65-f74c-4517-9f4d-308f1744b660,MPX_6470097,Natoora Poivrons Padron - 250g ,3.69,14.76,"['La Halle', 'Le Primeur', 'Les Légumes']",Natoora,True,False,false,1.0,DAY,250g,[],https://courses.monoprix.fr/images-v3/0c44253f-c4a3-4340-9d37-d41e42b9d14a/c134202b-325d-4b9b-b5b3-2db8c94ae328/300x300.jpg
La Halle,deccc19f-fc07-4ba9-be49-c3e41c06802b,MPX_1626706,Andréas Mavrommatis Keftedes,4.39,27.44,"['Epicerie Salée', 'Produits du monde', 'Grèce']",MAVROMMATIS,True,False,false,5.0,DAY,160g,[],https://courses.monoprix.fr/images-v3/0c44253f-c4a3-4340-9d37-d41e42b9d14a/db62d9be-6fa2-4bcc-a4dc-78b2600cff60/300x300.jpg
La Halle,5ac87586-d9a7-47a0-9cbc-14a11ac63a7e,MPX_3367907,Monoprix Gourmet Blanquette De Veau 400G,8.0,19.99,"['Boucherie et Volaille', 'Boucherie', 'Boucherie à la coupe']",Monoprix Gourmet,True,False,false,1.0,WEEK,400,[],https://courses.monoprix.fr/images-v3/0c44253f-c4a3-4340-9d37-d41e42b9d14a/7389ba8a-1db3-4992-b75e-d692d960083b/300x300.jpg
La Halle,900e5b18-1f8e-40c1-b851-f39518aeb5c8,MPX_4747131,Monoprix Gourmet Steak Haché 12%Mg 125G,3.09,24.72,"['Boucherie et Volaille', 'Boucherie', 'Boucherie à la coupe']",Monoprix Gourmet,True,False,false,3.0,DAY,125g,[],https://courses.monoprix.fr/images-v3/0c44253f-c4a3-4340-9d37-d41e42b9d14a/a1014581-8218-4d9e-a941-e6912ad6b4d0/300x300.jpg
La Halle,a9f40c0e-39b6-47b5-9152-36cc12057e84,MPX_3047010,Monoprix Gourmet Mozzarella 2% De Truffe 125g,3.95,31.6,"['La Halle', 'Boutique autour de la truffe']",Monoprix Gourmet,True,False,false,1.0,WEEK,125g,[],https://courses.monoprix.fr/images-v3/0c44253f-c4a3-4340-9d37-d41e42b9d14a/0b3abf45-25ec-411d-a15e-8049ee50733e/300x300.jpg
La Halle,4cce4897-58b3-4c84-954c-95b2add48506,MPX_4262979,Cité Marine Accras de Morue à la Créole MSC 180g,3.4,18.89,"['La Halle', 'Le Traiteur']",Cité Marine,True,False,false,1.0,WEEK,180g,[],https://courses.monoprix.fr/images-v3/0c44253f-c4a3-4340-9d37-d41e42b9d14a/d1a17878-494e-42e3-b01f-3a5971ae24ea/300x300.jpg
La Halle,d3015ae5-3244-4037-9eed-113f55d41e02,MPX_1419912,Monoprix Gourmet Filet De Poulet Fermier Blanc Du Gers Label Rouge 140G,4.29,30.64,"['Boucherie et Volaille', 'Volaille', 'Poulet']",Monoprix Gourmet,True,False,false,3.0,DAY,140g,[],https://courses.monoprix.fr/images-v3/0c44253f-c4a3-4340-9d37-d41e42b9d14a/c4a668c8-ead6-49e6-8e42-efa89221dd18/300x300.jpg
La Halle,437e6017-8d0a-4410-86d2-b77ead887f93,MPX_4219963,Monoprix Gourmet x Alain Milliat Nectar de Mangue 75cl,4.15,5.53,"['Mes marques Monoprix', 'Monoprix Gourmet', 'Les Collab Monoprix Gourmet']",Monoprix Gourmet,True,False,false,1.0,YEAR,75cl,[],https://courses.monoprix.fr/images-v3/0c44253f-c4a3-4340-9d37-d41e42b9d14a/e2bdf7b2-6b90-4a80-97c5-ead1d494a877/300x300.jpg
La Halle,f0e06d77-4f1e-48e5-babc-c0d93f3c4444,MPX_1626705,Mavrommatis Kolokythokeftedes bouchées aux courgettes 160g,4.49,28.06,"['Epicerie Salée', 'Produits du monde', 'Grèce']",MAVROMMATIS,True,False,false,5.0,DAY,160g,[],https://courses.monoprix.fr/images-v3/0c44253f-c4a3-4340-9d37-d41e42b9d14a/65c978bc-5053-4ac0-a16a-062813201b0d/300x300.jpg
La Halle,cad70322-22e3-4d7e-adba-a66b9b7ac51d,MPX_4219965,Monoprix Gourmet x Alain Milliat Nectar de Poire Williams 75cl,4.15,5.53,"['Mes marques Monoprix', 'Monoprix Gourmet', 'Les Collab Monoprix Gourmet']",Monoprix Gourmet X Alain Milliat,True,False,false,1.0,YEAR,75cl,[],https://courses.monoprix.fr/images-v3/0c44253f-c4a3-4340-9d37-d41e42b9d14a/f96636f4-9f60-405f-b5d5-34c5f99ba74b/300x300.jpg
La Halle,cdabb7a5-1095-4608-8b25-21e95b914f6a,MPX_3405379,Villani Saucisson À La Truffe Tartuf'O 80G,5.49,68.63,"['Produits du monde', 'Italie - Italia', 'Mortadelle, Saucisson et Jambon cru']",VILLANI,True,False,false,3.0,WEEK,80g,[],https://courses.monoprix.fr/images-v3/0c44253f-c4a3-4340-9d37-d41e42b9d14a/924348cd-ee9c-43ee-8f4f-04e4b7ea0b29/300x300.jpg
La Halle,207ca490-73dd-4098-b96d-ba75c73ccebc,MPX_2411794,Biofournil Mpad 6 Petits Pavés Céréales,3.59,9.97,"['Bio', 'Pain et Galette de riz bio', 'Pain et Biscotte bio']",BIOFOURNIL,True,False,false,2.0,MONTH,360g,['Produit bio'],https://courses.monoprix.fr/images-v3/0c44253f-c4a3-4340-9d37-d41e42b9d14a/b0595418-3c57-4a50-9a92-b4e05e82dada/300x300.jpg
La Halle,a5a405d5-c425-4dfb-999f-8ff0efaacc5c,MPX_1686454,Biofournil 2 Camusettes De Campagne 400G,3.65,9.13,"['Bio', 'Pain et Galette de riz bio', 'Pain et Biscotte bio']",BIOFOURNIL,True,False,false,2.0,MONTH,400g,['Produit bio'],https://courses.monoprix.fr/images-v3/0c44253f-c4a3-4340-9d37-d41e42b9d14a/2657d179-9364-42df-927b-fdea03c11af4/300x300.jpg
La Halle,a07fce77-1767-4128-9ba5-67a14185cb64,MPX_6470099,Natoora Tomate Datterino Rouge et Jaune - 350g CAT:I,5.99,17.11,"['Fruits & Légumes', 'Natoora le Primeur', 'Légumes, Salades et Herbes']",Natoora,True,False,false,2.0,DAY,350g,[],https://courses.monoprix.fr/images-v3/0c44253f-c4a3-4340-9d37-d41e42b9d14a/bbb9d6f3-6ce1-4fcc-b031-16a1eb60c888/300x300.jpg
La Halle,292a9f2f-23d0-41c7-a341-76c112742cc2,MPX_1419276,Monoprix Bio Pavé Rumsteak De Boeuf 150g,4.38,31.29,"['Bio', 'Boucherie et Volaille bio', 'Boucherie bio']",Monoprix Bio,True,False,false,6.0,DAY,140,['Produit bio'],https://courses.monoprix.fr/images-v3/0c44253f-c4a3-4340-9d37-d41e42b9d14a/d9751b08-4bf2-46ca-aca2-9fb736b572c2/300x300.jpg
La Halle,3b880a76-75f5-410a-887f-ed5b6a315c5c,MPX_4122544,Naturals Jambon Cru Italien 90g,6.65,73.89,"['Nos sélections', 'Inspiration du moment', '& Le Coin du marché', 'Charcuterie']",Naturals,True,False,false,1.0,WEEK,90g,[],https://courses.monoprix.fr/images-v3/0c44253f-c4a3-4340-9d37-d41e42b9d14a/6129b3c8-7e58-4f6f-a0da-67f74342e891/300x300.jpg
La Halle,76906261-c5fd-4200-b799-1bcbc719eb7c,MPX_3658591,Marie-Anne Cantin Petit Pot de Crème Café 100g,1.89,18.9,"['La Halle', 'Boutique Marie Anne Cantin']",Marie-Anne Cantin,True,False,false,1.0,WEEK,100g,[],https://courses.monoprix.fr/images-v3/0c44253f-c4a3-4340-9d37-d41e42b9d14a/dd6ca06d-bda3-41b4-a92c-a9b92cc679ac/300x300.jpg
La Halle,7be8d7d9-cc05-428b-a494-561f9d3cc92e,MPX_4378921,Mortadelle à la truffe 110g,4.79,43.55,"['Produits du monde', 'Italie - Italia', 'Mortadelle, Saucisson et Jambon cru']",VILLANI,True,False,false,1.0,WEEK,110g,[],https://courses.monoprix.fr/images-v3/0c44253f-c4a3-4340-9d37-d41e42b9d14a/a3af4c54-cb0d-4363-8793-dbd068af6535/300x300.jpg
La Halle,4a8805c1-d8da-44a1-b141-108d4607d337,MPX_2189606,Monoprix Bio Pavé sans Os Filet Porc 200g,4.43,19.69,"['Bio', 'Boucherie et Volaille bio', 'Boucherie bio']",Monoprix Bio,True,False,false,2.0,DAY,225,[],https://courses.monoprix.fr/images-v3/0c44253f-c4a3-4340-9d37-d41e42b9d14a/91deb721-6043-4b6a-8691-0e2190058666/300x300.jpg
La Halle,351cd9f2-44be-481a-8629-2d2b2dec0180,MPX_4202785,L'italie des fromages ricotta 10% 250g,2.49,9.96,"['Produits du monde', 'Italie - Italia', 'Mozzarella, Parmesan, Burrata et Ricotta']",L'ITALIE DES FROMAGES,True,False,false,1.0,WEEK,250g,[],https://courses.monoprix.fr/images-v3/0c44253f-c4a3-4340-9d37-d41e42b9d14a/bd21453a-b7e8-497c-97c7-c17b844b9e46/300x300.jpg
La Halle,43f5380b-f20b-42fa-84e2-46fd4e4b9cbc,MPX_4219964,Monoprix Gourmet x Alain Milliat Nectar de Pêche Jaune 75cl,4.15,5.53,"['Mes marques Monoprix', 'Monoprix Gourmet', 'Les Collab Monoprix Gourmet']",Monoprix Gourmet X Alain Milliat,True,False,false,1.0,YEAR,75cl,[],https://courses.monoprix.fr/images-v3/0c44253f-c4a3-4340-9d37-d41e42b9d14a/75282a0a-e929-46be-9dd8-56046232a610/300x300.jpg
La Halle,19ac96bf-abf2-48b8-a714-1f9eafdc7e72,MPX_3500688,Villani Jambon Cuit à la Truffe Tartuf'O 110g,6.9,62.73,"['La Halle', 'Boutique autour de la truffe']",VILLANI,True,False,false,1.0,WEEK,110g,[],https://courses.monoprix.fr/images-v3/0c44253f-c4a3-4340-9d37-d41e42b9d14a/d970070a-08be-4c98-b2a2-f58b55a3fe83/300x300.jpg
La Halle,94c4f017-2f21-4857-b185-dae610c3f667,MPX_1031025,Monoprix Bio Côte de porc Echine x2 260g,5.61,18.69,"['Bio', 'Boucherie et Volaille bio', 'Boucherie bio']",Monoprix Bio,True,False,false,4.0,DAY,300,['Produit bio'],https://courses.monoprix.fr/images-v3/0c44253f-c4a3-4340-9d37-d41e42b9d14a/a7ff70bc-b3f0-400e-a008-7c40896f4ba7/300x300.jpg
La Halle,76ffd508-0660-4be2-810f-c0a9459dbf7f,MPX_2961421,Fantou UVCI Bourguignon 400g,8.76,21.9,"['Boucherie et Volaille', 'Boucherie', 'Bœuf']",Fantou,True,False,false,3.0,DAY,400,[],https://courses.monoprix.fr/images-v3/0c44253f-c4a3-4340-9d37-d41e42b9d14a/f6cdc08e-5238-443d-a84f-17d805d9a651/300x300.jpg
La Halle,2228d3df-3ad5-46bc-96f6-c1c2ece8025e,MPX_1031014,Monoprix Bio Noix Escalope de veau 150g,5.43,38.79,"['Bio', 'Boucherie et Volaille bio', 'Boucherie bio']",Monoprix Bio,True,False,false,6.0,DAY,140,[],https://courses.monoprix.fr/images-v3/0c44253f-c4a3-4340-9d37-d41e42b9d14a/6e4936f1-147f-4cb6-b240-a58437d4798d/300x300.jpg
La Halle,c5b0ce2d-f87e-45d0-ba28-4133d6b2ef27,MPX_4093823,Copeaux de Parmigiano Reggiano AOP Pot 100g,3.99,39.9,"['Nos sélections', 'Inspiration du moment', '& Le Coin du marché', 'Fromage']",SANS MARQUE,True,False,false,2.0,WEEK,100g,['Produit végétarien'],https://courses.monoprix.fr/images-v3/0c44253f-c4a3-4340-9d37-d41e42b9d14a/196c62b5-fa53-426c-8e3f-95297fc20361/300x300.jpg
La Halle,8ebc9722-e0c5-406c-b478-d3ea69bab211,MPX_1046169,Monoprix Bio Filet Mignon Porc 350G,11.91,25.89,"['Bio', 'Boucherie et Volaille bio', 'Boucherie bio']",Monoprix Bio,True,False,false,4.0,DAY,460,[],https://courses.monoprix.fr/images-v3/0c44253f-c4a3-4340-9d37-d41e42b9d14a/10dfa41f-c558-434a-9eda-803639ce7a24/300x300.jpg
La Halle,b217a4b4-4f2a-4e47-8b3c-7197ba12fdd8,MPX_501909,Monoprix Bio Bavette d'Aloyau de Bœuf 150g,5.37,38.39,"['Bio', 'Boucherie et Volaille bio', 'Boucherie bio']",Monoprix Bio,True,False,false,6.0,DAY,140,[],https://courses.monoprix.fr/images-v3/0c44253f-c4a3-4340-9d37-d41e42b9d14a/b7950a64-0426-4c16-9d66-dd376eb4a05b/300x300.jpg
La Halle,94b3742f-2b2a-464b-a6f1-0e5f37c45284,MPX_3406330,Monoprix Gourmet Darfresh Osso Bucco de Veau 200g,4.0,19.99,"['Boucherie et Volaille', 'Boucherie', 'Boucherie à la coupe']",Monoprix Gourmet,True,False,false,1.0,WEEK,200,[],https://courses.monoprix.fr/images-v3/0c44253f-c4a3-4340-9d37-d41e42b9d14a/b40bf7d6-27be-4b77-8178-1b19f14a6057/300x300.jpg
La Halle,f052a3e9-62ed-460c-9c5d-a112c5192d47,MPX_3293191,Rolmer Carpaccio de Saumon 155g,9.99,64.45,"['La Halle', 'La Poissonnerie']",Rolmer,True,False,false,4.0,DAY,155g,[],https://courses.monoprix.fr/images-v3/0c44253f-c4a3-4340-9d37-d41e42b9d14a/bac0daf2-4997-4895-b345-2395c99b6bfd/300x300.jpg
La Halle,5acb7ee9-f18e-4beb-931e-d33167ab1c0b,MPX_3292146,Les Niçois Mini-focaccias aux olives de Papi Armando 200g,4.19,20.95,"['Epicerie Salée', 'Produit apéritif', 'Chips et Biscuit Apéritif', 'Crackers et Bretzel']",Les nicois,True,False,false,6.0,MONTH,200g,[],https://courses.monoprix.fr/images-v3/0c44253f-c4a3-4340-9d37-d41e42b9d14a/422f5a41-d76a-4c63-9410-ff996de9be61/300x300.jpg
La Halle,89369047-9ef3-4932-81ea-b04332f614aa,MPX_1045399,Monoprix Bioo Tranche Gigot Agneau 190 g,6.52,34.29,"['Bio', 'Boucherie et Volaille bio', 'Boucherie bio']",Monoprix Bio,True,False,false,4.0,DAY,190,[],https://courses.monoprix.fr/images-v3/0c44253f-c4a3-4340-9d37-d41e42b9d14a/cb68368f-1f4d-4b26-8078-6c96387a85e1/300x300.jpg
La Halle,2fde6b6e-e740-4969-adab-92b0783e5e60,MPX_2961402,Fantou UVCI Tournedos Filet de Boeuf 150g,6.59,54.9,"['Boucherie et Volaille', 'Boucherie', 'Bœuf']",Fantou,True,False,false,3.0,DAY,120,[],https://courses.monoprix.fr/images-v3/0c44253f-c4a3-4340-9d37-d41e42b9d14a/9bcb5da0-ac6b-4b25-a1f3-c24de40ecec6/300x300.jpg
La Halle,4530535a-94fe-4628-9ce3-ab07dd61a8af,MPX_2753660,Delpierre Filet de Morue sans dessalage 250g,9.99,39.96,"['La Halle', 'La Poissonnerie']",Delpierre,True,False,false,3.0,DAY,250g,[],https://courses.monoprix.fr/images-v3/0c44253f-c4a3-4340-9d37-d41e42b9d14a/e58062c5-8f85-415b-b4bf-5f75c7ae0e29/300x300.jpg
La Halle,fd948629-e5d8-46a2-9108-bef460cf0aa4,MPX_4200353,Monoprix Bio Origines Bifteck Flow 140g,3.89,27.79,"['Bio', 'Boucherie et Volaille bio', 'Boucherie bio']",Monoprix Bio Origines,True,False,false,6.0,DAY,140g,['Produit bio'],https://courses.monoprix.fr/images-v3/0c44253f-c4a3-4340-9d37-d41e42b9d14a/9b32e055-befd-4286-bc8e-92ea45bad011/300x300.jpg
La Halle,747e960e-ef4f-4885-996f-e76f35688957,MPX_4122547,Naturals Jambon Cuit Rôti aux herbes 90g,5.45,60.56,"['Nos sélections', 'Inspiration du moment', '& Le Coin du marché', 'Charcuterie']",ROVAGNATI FRANCE,True,False,false,1.0,WEEK,90g,[],https://courses.monoprix.fr/images-v3/0c44253f-c4a3-4340-9d37-d41e42b9d14a/f8ab7793-8e4d-4763-9523-e2afd389b5b6/300x300.jpg
La Halle,aa72bc0a-566c-4182-9d4e-162442063189,MPX_501902,Monoprix Bio Entrecote de Boeuf x1 226g,7.39,33.59,"['Bio', 'Boucherie et Volaille bio', 'Boucherie bio']",Monoprix Bio,True,False,false,6.0,DAY,220,['Produit bio'],https://courses.monoprix.fr/images-v3/0c44253f-c4a3-4340-9d37-d41e42b9d14a/096713aa-4588-444f-88e3-e794c4cd091c/300x300.jpg
La Halle,fdad3d57-975a-462a-aec4-ea9f3bf59dda,MPX_1626545,Mavromatis Pain Libanais Traditionnel 400g,3.1,7.75,"['La Halle', 'Boutique Mavrommatis']",MAVROMMATIS,True,False,false,4.0,WEEK,400g,[],https://courses.monoprix.fr/images-v3/0c44253f-c4a3-4340-9d37-d41e42b9d14a/7d52b71f-0192-4a2a-891c-6111fa58b57b/300x300.jpg
La Halle,7dd576ae-9cf6-4aca-8f8c-a90b480689ae,MPX_4042168,Atelier Georget Eclairs au Café 2x80g,3.85,24.06,"['La Halle', 'Le Pain en ville']",Atelier georget,True,False,false,4.0,DAY,2 x 80g,['Produit décongelé'],https://courses.monoprix.fr/images-v3/0c44253f-c4a3-4340-9d37-d41e42b9d14a/592e9076-4132-44fb-a121-c64a78a1ac9d/300x300.jpg
La Halle,e9135da4-ee30-40cd-92fe-756a1599198e,MPX_3988965,Maître Coq Nuggets De Poulet 1Kg,7.49,7.49,"['Boucherie et Volaille', 'Volaille', 'Cordons bleus, nuggets et grignottes']",Maître CoQ,True,False,false,4.0,DAY,1kg,[],https://courses.monoprix.fr/images-v3/0c44253f-c4a3-4340-9d37-d41e42b9d14a/96dfabdd-4cd2-4690-bb37-cab397dccdbb/300x300.jpg
La Halle,e5733186-19cc-4d48-a5d0-cfc51990379c,MPX_1608153,Marie Anne Cantin Camembert De Normandie Moulage À La Main AOP 250g,6.0,24.0,"['Nos sélections', 'Inspiration du moment', '& Le Coin du marché', 'Fromage']",Marie-Anne Cantin,True,False,false,1.0,WEEK,250g,[],https://courses.monoprix.fr/images-v3/0c44253f-c4a3-4340-9d37-d41e42b9d14a/bee9f5d0-1e8e-44f1-9bb2-c6a2de52b56a/300x300.jpg
La Halle,5c71d589-0a6f-43fe-8e7a-566935fa3fde,MPX_2961365,Fantou Uvci Côte de Porc x2 320g,4.32,13.5,"['Boucherie et Volaille', 'Boucherie', 'Porc']",Fantou,True,False,false,3.0,DAY,320,[],https://courses.monoprix.fr/images-v3/0c44253f-c4a3-4340-9d37-d41e42b9d14a/3f6c355e-22f6-44c1-8548-2c2d455a4113/300x300.jpg
La Halle,77d6465e-da85-4610-a31f-631c1d1aff86,MPX_2961409,Fantou UVCI Bavette Aloyau 150g,5.99,39.9,"['Boucherie et Volaille', 'Boucherie', 'Bœuf']",Fantou,True,False,false,3.0,DAY,150,[],https://courses.monoprix.fr/images-v3/0c44253f-c4a3-4340-9d37-d41e42b9d14a/21942a12-6846-4afb-bb92-642b4f991224/300x300.jpg
La Halle,545ff2e7-3e1d-4eeb-9ee2-7be708839648,MPX_4219962,Monoprix Gourmet x Alain Milliat Nectar de Fraise 75cl,4.15,5.53,"['Mes marques Monoprix', 'Monoprix Gourmet', 'Les Collab Monoprix Gourmet']",Monoprix Gourmet X Alain Milliat,True,False,false,6.0,MONTH,75cl,[],https://courses.monoprix.fr/images-v3/0c44253f-c4a3-4340-9d37-d41e42b9d14a/e54e6ecb-aab9-4a00-affa-1e97f0a9d024/300x300.jpg
La Halle,b6f55071-c989-4aac-95c4-369ae5b8e399,MPX_4001942,Atelier Georget Part Flan Pâtissier x2 280g,3.19,11.39,"['La Halle', 'Le Pain en ville']",Atelier georget,True,False,false,2.0,DAY,2 x 140g,[],https://courses.monoprix.fr/images-v3/0c44253f-c4a3-4340-9d37-d41e42b9d14a/9488adc1-7bef-4f15-b2ee-ba051674d108/300x300.jpg
La Halle,5472e63a-12f3-427c-9b79-dcced6445bc1,MPX_3368221,Monoprix Gourmet Côte D'Agneau 300g,9.9,32.99,"['Boucherie et Volaille', 'Boucherie', 'Boucherie à la coupe']",Monoprix Gourmet,True,False,false,1.0,WEEK,300,[],https://courses.monoprix.fr/images-v3/0c44253f-c4a3-4340-9d37-d41e42b9d14a/19581f0e-c965-48a9-a3a1-559caa1ae49f/300x300.jpg
La Halle,12d4ed9b-5cfa-4e0c-993a-0bff3a56b2fd,MPX_6574795,Grenade - 1 Pièce CAT:1,3.98,3.98,"['Fruits & Légumes', 'Fruits Frais', 'Fruits Exotiques']",Natoora,True,False,false,6.0,DAY,,[],https://courses.monoprix.fr/images-v3/0c44253f-c4a3-4340-9d37-d41e42b9d14a/4106d7b8-d35b-4846-8901-c026136e2850/300x300.jpg
La Halle,a007300e-f3f0-491c-9acd-9abd7448f052,MPX_1031030,Monoprix Bio Rôti de porc 700g,13.74,18.69,"['Bio', 'Boucherie et Volaille bio', 'Boucherie bio']",Monoprix Bio,True,False,false,2.0,DAY,735,[],https://courses.monoprix.fr/images-v3/0c44253f-c4a3-4340-9d37-d41e42b9d14a/8cd9c5ac-08fe-4798-a408-7700c03878cd/300x300.jpg
La Halle,87d0d4fa-87aa-49cc-bae3-79e6f579826a,MPX_2713592,Mavromatis Dolmades 160 G,4.69,29.31,"['Epicerie Salée', 'Produits du monde', 'Grèce']",MAVROMMATIS,True,False,false,5.0,DAY,160g,[],https://courses.monoprix.fr/images-v3/0c44253f-c4a3-4340-9d37-d41e42b9d14a/a6c7493d-a617-465c-85fa-3cd1a74e84f8/300x300.jpg
La Halle,51d8e110-8340-4a20-94e8-fa7f7f89763c,MPX_4122548,Naturals Blanc de Poulet 90g,4.35,48.33,"['Nos sélections', 'Inspiration du moment', '& Le Coin du marché', 'Charcuterie']",ROVAGNATI FRANCE,True,False,false,1.0,WEEK,90g,[],https://courses.monoprix.fr/images-v3/0c44253f-c4a3-4340-9d37-d41e42b9d14a/9a8bde4b-fdd3-4078-93b7-67ee50b24dc9/300x300.jpg
La Halle,f278a70d-a2c2-4040-9ab7-b7ef264b775a,MPX_2961368,Fantou Uvci Echine de Porc x2 360g,5.0,13.9,"['Boucherie et Volaille', 'Boucherie', 'Porc']",Fantou,True,False,false,3.0,DAY,360,[],https://courses.monoprix.fr/images-v3/0c44253f-c4a3-4340-9d37-d41e42b9d14a/70e4c5da-0a48-42f2-ad78-d14e13583b2a/300x300.jpg
La Halle,9e7bfcf6-39ff-488a-9839-39d5b750766d,MPX_2961390,Fantou UVCI Côte de Veau 160g,5.1,31.9,"['Boucherie et Volaille', 'Boucherie', 'Veau et Agneau']",Fantou,True,False,false,3.0,DAY,160,[],https://courses.monoprix.fr/images-v3/0c44253f-c4a3-4340-9d37-d41e42b9d14a/86422e22-e355-4d8b-b256-86491fe4227d/300x300.jpg
La Halle,dbb68e75-ce5a-49ec-bc7a-6147ca935e72,MPX_2713595,Mavromatis Moussaka De Legumes 300 G,7.19,23.97,"['Epicerie Salée', 'Produits du monde', 'Grèce']",MAVROMMATIS,True,False,false,3.0,DAY,300g,[],https://courses.monoprix.fr/images-v3/0c44253f-c4a3-4340-9d37-d41e42b9d14a/30262dad-1a33-4bf4-b94f-37fac2d497da/300x300.jpg
La Halle,0f0c44f5-f68f-48d5-bac3-a439193b41ac,MPX_4920157,Natoora Citronnelle - 2 pièces - CAT:I,1.7,0.85,"['Fruits & Légumes', 'Natoora le Primeur', 'Fruits']",Natoora,True,False,false,2.0,DAY,2 par pack,[],https://courses.monoprix.fr/images-v3/0c44253f-c4a3-4340-9d37-d41e42b9d14a/a109a95d-e923-4f7f-abe2-f39255685bea/300x300.jpg
La Halle,53787aaa-ee38-461b-b166-a387a34c9fa7,MPX_2811064,Monoprix Bio Merguez 300g,4.99,16.63,"['Bio', 'Boucherie et Volaille bio', 'Boucherie bio']",Monoprix Bio,True,False,false,3.0,DAY,300g,['Produit bio'],https://courses.monoprix.fr/images-v3/0c44253f-c4a3-4340-9d37-d41e42b9d14a/288e48a0-7045-4a47-a54d-3fb77131c02e/300x300.jpg
La Halle,52528d1a-7192-4b51-8ed3-a5c72a22f4a2,MPX_4200881,Monoprix Bio Origines Steack Haché 15% Flow x2 250g,5.19,20.76,"['Bio', 'Boucherie et Volaille bio', 'Boucherie bio']",Monoprix Bio Origines,True,False,false,3.0,DAY,2 x 125g,[],https://courses.monoprix.fr/images-v3/0c44253f-c4a3-4340-9d37-d41e42b9d14a/4097cb53-1b76-4138-bd98-e384ea1aac8c/300x300.jpg
La Halle,9c463552-6b2e-44d7-80bb-6be930bcd11c,MPX_2548289,Marie Anne Cantin Rocamadour Barquette 2 pièces 60g,3.95,65.83,"['La Halle', 'Boutique Marie Anne Cantin']",MARIE ANNE CANTIN,True,False,false,1.0,WEEK,2 x 30g,[],https://courses.monoprix.fr/images-v3/0c44253f-c4a3-4340-9d37-d41e42b9d14a/6dc0a774-6d8f-43fc-85d0-39f439e7dbe8/300x300.jpg
La Halle,22a675b6-b4cd-4b2a-9120-cb2b6ffc66b1,MPX_6565014,Maison Briau 4 croques cabillaud 400g,8.99,22.48,"['La Halle', 'La Poissonnerie']",Maison Briau,True,False,false,4.0,DAY,400g,[],https://courses.monoprix.fr/images-v3/0c44253f-c4a3-4340-9d37-d41e42b9d14a/2e927792-52f5-4d44-b90a-16cb8508a729/300x300.jpg
La Halle,5cc5e1cf-e3d2-4785-85f0-f5a94f8eb793,MPX_4000843,Marie-Anne Cantin Yaourt Brassé Vanille 180g,1.75,9.72,"['La Halle', 'Boutique Marie Anne Cantin']",Marie-Anne Cantin,True,False,false,1.0,WEEK,180g,[],https://courses.monoprix.fr/images-v3/0c44253f-c4a3-4340-9d37-d41e42b9d14a/bae165f6-f65c-4ca8-81ff-6ccae1807b4a/300x300.jpg
La Halle,0ef5b172-bba0-46a4-9084-38c0526baa93,MPX_1109702,Monoprix Bio Côte de porc Echine X1,2.8,18.69,"['Bio', 'Boucherie et Volaille bio', 'Boucherie bio']",Monoprix Bio,True,False,false,4.0,DAY,150,[],https://courses.monoprix.fr/images-v3/0c44253f-c4a3-4340-9d37-d41e42b9d14a/550c5401-2ac3-4264-ae9d-a83dfec4ed41/300x300.jpg
La Halle,00d3e253-5d4c-4557-ae86-5fca4cd31a7b,MPX_4262288,Potimarron Delica - 1 pièce,8.99,8.99,"['Fruits & Légumes', 'Légumes Frais', 'Légumes de saison']",Natoora,True,False,false,2.0,DAY,,[],https://courses.monoprix.fr/images-v3/0c44253f-c4a3-4340-9d37-d41e42b9d14a/ed6252b5-8dde-44ea-81d6-fe74c3fc2ebf/300x300.jpg
La Halle,72aef9b1-91ee-4be7-be17-d56386fef25b,MPX_1626698,Mavromatis Pain Pita Chypriote Complet 420g,3.1,7.38,"['La Halle', 'Boutique Mavrommatis']",MAVROMATIS,True,False,false,2.0,WEEK,420g,[],https://courses.monoprix.fr/images-v3/0c44253f-c4a3-4340-9d37-d41e42b9d14a/d04dbb5c-0384-4fa0-a34e-c9098120eeb4/300x300.jpg
La Halle,d7fd6d8d-2ed3-49e0-8149-848962c9db13,MPX_1626700,Mavromatis Pain Libanais complet 400g,3.25,8.13,"['La Halle', 'Boutique Mavrommatis']",MAVROMMATIS,True,False,false,3.0,WEEK,400g,[],https://courses.monoprix.fr/images-v3/0c44253f-c4a3-4340-9d37-d41e42b9d14a/ec357f29-b139-40b1-93a3-4eefa58526fe/300x300.jpg
La Halle,7d160d87-bd06-46d7-8119-773364f85dae,MPX_2713597,Mavromatis Moussaka Viande 300 G,7.19,23.97,"['Epicerie Salée', 'Produits du monde', 'Grèce']",MAVROMMATIS,True,False,false,5.0,DAY,300g,[],https://courses.monoprix.fr/images-v3/0c44253f-c4a3-4340-9d37-d41e42b9d14a/95b3dc7f-f328-4fc0-a537-4ee017738a66/300x300.jpg
La Halle,248077d8-9099-4b1e-9dec-a1fccc999c8c,MPX_3513647,"Les Niçois Mini-Pizzetta, Tomate, Origan de Tata Josie 180g",4.19,23.28,"['Epicerie Salée', 'Produit apéritif', 'Chips et Biscuit Apéritif', 'Crackers et Bretzel']",Les nicois,True,False,false,2.0,MONTH,180g,[],https://courses.monoprix.fr/images-v3/0c44253f-c4a3-4340-9d37-d41e42b9d14a/e5aa3c5e-e6c0-437e-bc23-fb56abb6193b/300x300.jpg
La Halle,3e6971b3-62dc-46ff-ac96-e06053289263,MPX_501901,Monoprix Bio Filet à Griller de Boeuf x1 80g,5.45,49.59,"['Bio', 'Boucherie et Volaille bio', 'Boucherie bio']",Monoprix Bio,True,False,false,6.0,DAY,110,[],https://courses.monoprix.fr/images-v3/0c44253f-c4a3-4340-9d37-d41e42b9d14a/bd57fb7e-57bc-4cbd-bd4c-e9bc99fcaeb0/300x300.jpg
La Halle,cce014a8-1d3a-41ad-a37a-65d245ba389f,MPX_2961411,Fantou UVCI Onglet 180g,5.99,39.9,"['Boucherie et Volaille', 'Boucherie', 'Bœuf']",Fantou,True,False,false,3.0,DAY,150,[],https://courses.monoprix.fr/images-v3/0c44253f-c4a3-4340-9d37-d41e42b9d14a/10be013f-6de1-4171-84ee-14ebbc5a2240/300x300.jpg
La Halle,87ad577c-20fd-43f5-abf1-11476b4a9e87,MPX_4211312,Mix Mini Cheeseburgers Boeuf Charolais Cheddar & Sauce Ketchup x6 240g,9.9,41.25,"['Boucherie et Volaille', 'Boucherie', 'Bœuf']",Mix buffet,True,False,false,6.0,DAY,240g,[],https://courses.monoprix.fr/images-v3/0c44253f-c4a3-4340-9d37-d41e42b9d14a/c4bacc95-0fd8-4c3f-ad74-9284c32d771d/300x300.jpg
La Halle,3276d124-ffbb-4f8b-9cc2-d858cc51d672,MPX_2173208,Monoprix Bio Mincerette de Porc,4.34,21.69,"['Bio', 'Boucherie et Volaille bio', 'Boucherie bio']",Monoprix Bio,True,False,false,4.0,DAY,200,['Produit bio'],https://courses.monoprix.fr/images-v3/0c44253f-c4a3-4340-9d37-d41e42b9d14a/3d9409f9-28a2-4442-9130-4741b9c91a74/300x300.jpg
La Halle,b9500919-1633-4fbf-b657-b2f2717a7fa6,MPX_3659215,Marie-Anne Cantin Beurre Demi-Sel Cru à la Baratte 125g,3.09,24.72,"['La Halle', 'Boutique Marie Anne Cantin']",Marie-Anne Cantin,True,False,false,1.0,WEEK,125g,[],https://courses.monoprix.fr/images-v3/0c44253f-c4a3-4340-9d37-d41e42b9d14a/36109782-ca2e-4204-99c9-0dc69c6590cd/300x300.jpg
La Halle,15a62c9e-1471-4347-bdf5-54b0513bf0c1,MPX_2713598,Andréas Mavrommatis Tamara Blanc,4.2,26.25,"['Epicerie Salée', 'Produits du monde', 'Grèce']",MAVROMMATIS,True,False,false,3.0,DAY,160g,[],https://courses.monoprix.fr/images-v3/0c44253f-c4a3-4340-9d37-d41e42b9d14a/fc5868d1-f234-4734-a5c1-1650df7abfd4/300x300.jpg
La Halle,e8c66f2b-f099-477f-9116-1c2ddee7f635,MPX_1626704,Andréas Mavromatis Hoummous Crème de sésame aux pois chiches 160g,4.39,27.44,"['Epicerie Salée', 'Produit apéritif', 'Tartinable et Produit de la Mer', 'Houmous et Tarama']",MAVROMMATIS,True,False,false,3.0,DAY,160g,[],https://courses.monoprix.fr/images-v3/0c44253f-c4a3-4340-9d37-d41e42b9d14a/426ab1f0-655e-4c77-b549-0c79b02ea3ec/300x300.jpg
La Halle,4046fd12-a1a0-4239-8262-47ae169d4a6c,MPX_2123203,Biofournil pain 460g,3.55,7.72,"['Bio', 'Pain et Galette de riz bio', 'Pain et Biscotte bio']",BIOFOURNIL,True,False,false,2.0,MONTH,460g,"['Produit végétarien', 'Produit bio']",https://courses.monoprix.fr/images-v3/0c44253f-c4a3-4340-9d37-d41e42b9d14a/fa4d288a-b637-4e01-a2c5-b21cd5731275/300x300.jpg
La Halle,f8844a87-2a85-4fae-81ea-429204a432a7,MPX_1801128,Treo Tiramisu Au Café 85G,3.89,45.76,"['La Halle', 'La Fromagerie']",Treo,True,False,false,4.0,DAY,85g,[],https://courses.monoprix.fr/images-v3/0c44253f-c4a3-4340-9d37-d41e42b9d14a/c25bbcb4-ee84-4e11-bf4c-ac10f73585e2/300x300.jpg
La Halle,0dd9118a-136c-4c09-840c-64f8ca38d47a,MPX_2638578,"Mavromatis Taboulé Blanc Oriental - Semoule, Tomates, Huile D'Olive, Poivron, Jus De Citron, Coriandre Fraiche, Menthe",4.99,24.95,"['Epicerie Salée', 'Produits du monde', 'Grèce']",MAVROMMATIS,True,False,false,3.0,DAY,200g,[],https://courses.monoprix.fr/images-v3/0c44253f-c4a3-4340-9d37-d41e42b9d14a/b30df0b1-baea-49dc-9d39-eb776d1b4cab/300x300.jpg
La Halle,52105b04-db85-4980-9bb9-294714459f95,MPX_2961426,Fantou UVCI Entrecôte 200g,7.58,39.9,"['Boucherie et Volaille', 'Boucherie', 'Bœuf']",Fantou,True,False,false,3.0,DAY,190,[],https://courses.monoprix.fr/images-v3/0c44253f-c4a3-4340-9d37-d41e42b9d14a/fa6f3301-2d24-4eb6-b87d-3207cad1ac74/300x300.jpg
La Halle,572dc11b-5c6e-4a4c-ae02-5b5b5c1b663c,MPX_3955039,Les Niçois Houmous aux poivrons de Papi Lucien 180g,4.25,23.61,"['Epicerie Salée', 'Produit apéritif', 'Tartinable et Produit de la Mer', 'Houmous et Tarama']",Les Niçois,True,False,false,1.0,WEEK,180g,[],https://courses.monoprix.fr/images-v3/0c44253f-c4a3-4340-9d37-d41e42b9d14a/d026ae16-9873-4e59-a778-7058dbb88b7c/300x300.jpg
La Halle,7ece7bd9-79e8-4a2c-8835-566c18a2b667,MPX_2961396,Fantou UVCI Côte d’Agneau x2 150g,7.34,48.9,"['Boucherie et Volaille', 'Boucherie', 'Veau et Agneau']",Fantou,True,False,false,2.0,DAY,150,[],https://courses.monoprix.fr/images-v3/0c44253f-c4a3-4340-9d37-d41e42b9d14a/b00cad99-209e-45d9-9fc1-c0be3c29a449/300x300.jpg
La Halle,a8489c63-5192-430a-a140-cde7ef172f01,MPX_2961374,Fantou Filet Mignon de porc 550g,14.58,26.5,"['Boucherie et Volaille', 'Boucherie', 'Porc']",Fantou,True,False,false,3.0,DAY,550,[],https://courses.monoprix.fr/images-v3/0c44253f-c4a3-4340-9d37-d41e42b9d14a/57159657-3cb0-4434-87dc-f7d15a97d8c5/300x300.jpg
La Halle,edbe3f7c-7cc6-45b9-be9a-792011063d38,MPX_4248563,Jean Perrin Fromage pour raclette fumée au feu de bois 200g,4.25,21.25,"['Nos sélections', 'Inspiration du moment', '& Le Coin du marché', 'Fromage']",Jean PERRIN,True,False,false,1.0,WEEK,200g,[],https://courses.monoprix.fr/images-v3/0c44253f-c4a3-4340-9d37-d41e42b9d14a/b6427aab-58c0-4bfc-b590-fb1cdde33b51/300x300.jpg
La Halle,f3d11f15-7307-403f-819f-24d581ca3e0f,MPX_3293257,Poilâne Pain De Mie Tranché 450G,4.85,10.78,"['Nos sélections', 'Inspiration du moment', '& Le Coin du marché', 'Pains et viennoiseries']",POILÂNE,True,False,false,1.0,DAY,450g,[],https://courses.monoprix.fr/images-v3/0c44253f-c4a3-4340-9d37-d41e42b9d14a/5a706917-7ff4-49d4-a504-a3f379369a03/300x300.jpg
La Halle,01d9a76c-eac9-4619-a0c3-aa11485b7784,MPX_4246806,Briau Beignets de Morue 240g,4.99,20.79,"['La Halle', 'Le Traiteur']",Briau,True,False,false,4.0,DAY,240g,[],https://courses.monoprix.fr/images-v3/0c44253f-c4a3-4340-9d37-d41e42b9d14a/db980e1e-c105-4818-8ef8-9f67e0b01896/300x300.jpg
La Halle,09023ff5-e54d-4c16-ba17-5a7db9ce58d5,MPX_4001974,Tartefrais Eclair au Chocolat x2 160g,3.85,24.06,"['La Halle', 'Le Pain en ville']",Atelier georget,True,False,false,4.0,DAY,2 x 80g,['Produit décongelé'],https://courses.monoprix.fr/images-v3/0c44253f-c4a3-4340-9d37-d41e42b9d14a/1efc00e4-5af6-4b98-a2f5-6d1676b43729/300x300.jpg
La Halle,afcaad29-ee5d-48fc-a927-21b46bae7b16,MPX_4248558,Jean Perrin Fromage pour raclette morbier 200g,4.75,23.75,"['La Halle', 'La Fromagerie']",Jean PERRIN,True,False,false,1.0,WEEK,200g,[],https://courses.monoprix.fr/images-v3/0c44253f-c4a3-4340-9d37-d41e42b9d14a/bcc8e296-c976-4748-a8c4-183331796fe5/300x300.jpg
La Halle,d39baf4d-13d0-45a4-9178-c948fa352d72,MPX_2291926,J.C David Soupe de Poissons Sauvages 780g,6.29,8.06,"['La Halle', 'La Poissonnerie']",J.C. DAVID,True,False,false,1.0,YEAR,780g,[],https://courses.monoprix.fr/images-v3/0c44253f-c4a3-4340-9d37-d41e42b9d14a/7f1f1311-e1ef-418a-9e8c-7344ba0a2e78/300x300.jpg
La Halle,92b810f6-a47d-46fe-babb-735d765a6054,MPX_4000840,Marie-Anne Cantin Yaourt Brassé Myrtille 180g,1.75,9.72,"['La Halle', 'Boutique Marie Anne Cantin']",Marie-Anne Cantin,True,False,false,1.0,WEEK,180g,[],https://courses.monoprix.fr/images-v3/0c44253f-c4a3-4340-9d37-d41e42b9d14a/c90dcee7-cc60-4109-a379-76b1828311e0/300x300.jpg
La Halle,2ab613d1-ef80-47f8-b164-adf31558938d,MPX_2007645,Marie Anne Cantin Saint Marcellin IGP 80g,2.49,31.13,"['Nos sélections', 'Inspiration du moment', '& Le Coin du marché', 'Fromage']",NoBrand,True,False,false,2.0,WEEK,80g,[],https://courses.monoprix.fr/images-v3/0c44253f-c4a3-4340-9d37-d41e42b9d14a/4c4aca9d-646f-4d0d-aa24-504eb51d7593/300x300.jpg
La Halle,eaf5c111-adff-4e16-9a25-110275341abe,MPX_3487199,Monoprix Tous Cultiv'Acteurs Pomme Zéli x4 Catégorie 1,2.99,0.75,"['Fruits & Légumes', 'Monoprix Tous Cultiv’Acteurs', 'Fruits']",Monoprix Tous Cultiv'Acteurs,True,False,false,2.0,DAY,4 x 1 par pack,[],https://courses.monoprix.fr/images-v3/0c44253f-c4a3-4340-9d37-d41e42b9d14a/c44aafcb-d797-40b5-806e-8e894e92474f/300x300.jpg
La Halle,ab8d4ed5-635c-46b7-aed8-7a20c13710be,MPX_1031022,Monoprix Bio Côte de porc x2 260g,4.75,18.69,"['Bio', 'Boucherie et Volaille bio', 'Boucherie bio']",Monoprix Bio,True,False,false,4.0,DAY,254,['Produit bio'],https://courses.monoprix.fr/images-v3/0c44253f-c4a3-4340-9d37-d41e42b9d14a/b95ba8eb-93fa-4100-8dfe-a8346d04a1e3/300x300.jpg
La Halle,989b8284-1331-4e4f-8259-8955aae9a78a,MPX_4260443,Marie Anne Cantin Tomme De Savoie IGP 500g,7.2,22.5,"['La Halle', 'Boutique Marie Anne Cantin']",Marie-Anne Cantin,True,False,false,1.0,WEEK,320,[],https://courses.monoprix.fr/images-v3/0c44253f-c4a3-4340-9d37-d41e42b9d14a/c99f5c73-6d93-4a9f-830c-453512224aa5/300x300.jpg
La Halle,42b23c54-c261-48d9-933f-866fe0f0333a,MPX_6470100,Tomate Jus Antonella - 750ml,3.69,5.43,"['La Halle', 'Le Primeur', 'Les Légumes']",Natoora,True,False,false,2.0,MONTH,680g,[],https://courses.monoprix.fr/images-v3/0c44253f-c4a3-4340-9d37-d41e42b9d14a/91f4962f-a298-46bb-9cce-86351a852807/300x300.jpg
La Halle,6de70d4f-ac68-4d4d-8aeb-f840d75d62f0,MPX_2961387,Fantou UVCI Escalope de Veau 130g,4.67,35.9,"['Boucherie et Volaille', 'Boucherie', 'Veau et Agneau']",Fantou,True,False,false,3.0,DAY,130,[],https://courses.monoprix.fr/images-v3/0c44253f-c4a3-4340-9d37-d41e42b9d14a/d59bb6a3-1f11-4565-a6b8-d99dad04e5e1/300x300.jpg
La Halle,8f7f4358-f0cd-4f14-937d-b9186cb12930,MPX_3659216,Marie-Anne Cantin Beurre Doux Cru à la Baratte 125g,2.89,23.12,"['La Halle', 'Boutique Marie Anne Cantin']",Marie-Anne Cantin,True,False,false,1.0,WEEK,125g,[],https://courses.monoprix.fr/images-v3/0c44253f-c4a3-4340-9d37-d41e42b9d14a/40e8658d-c8c3-4695-9405-a1e16a3daf2b/300x300.jpg
La Halle,378d22b9-5d79-4666-8fe2-3ac2d32ddb43,MPX_3500128,Villani Jambon Cru à la Truffe,7.39,73.9,"['Produits du monde', 'Italie - Italia', 'Mortadelle, Saucisson et Jambon cru']",VILLANI,True,False,false,3.0,WEEK,100g,[],https://courses.monoprix.fr/images-v3/0c44253f-c4a3-4340-9d37-d41e42b9d14a/a21d6e49-21cf-4b6d-bb4d-11e1d504fa3c/300x300.jpg
La Halle,879256cf-754d-4170-a67a-9463898578d0,MPX_4041787,Paysan Bio Bavette Aloyau Boeuf race angus 150g,7.59,50.6,"['Bio', 'Boucherie et Volaille bio', 'Boucherie bio']",Paysan Bio,True,False,false,1.0,WEEK,150g,[],https://courses.monoprix.fr/images-v3/0c44253f-c4a3-4340-9d37-d41e42b9d14a/a6b9b9a2-ee61-4a71-9225-3c666db7ec83/300x300.jpg
La Halle,095c94ff-aade-47ea-a0c0-717ad90d7da6,MPX_3367921,Monoprix Gourmet Côte Première De Porc 150G,2.24,14.99,"['Boucherie et Volaille', 'Boucherie', 'Boucherie à la coupe']",Monoprix Gourmet,True,False,false,1.0,WEEK,149.5,[],https://courses.monoprix.fr/images-v3/0c44253f-c4a3-4340-9d37-d41e42b9d14a/31b44791-b342-4c3d-a4d5-4d908bba6106/300x300.jpg
La Halle,731225c7-7d97-4f9b-844a-62e95b4aaff5,MPX_1045400,Monoprix Bio Côtes d'agneau,9.31,39.79,"['Bio', 'Boucherie et Volaille bio', 'Boucherie bio']",Monoprix Bio,True,False,false,4.0,DAY,234,['Produit bio'],https://courses.monoprix.fr/images-v3/0c44253f-c4a3-4340-9d37-d41e42b9d14a/952339b5-3da9-4ac0-97f1-b14a53eb391e/300x300.jpg
La Halle,daba3bda-c372-4941-8835-ae248ddd2dba,MPX_4248562,Jean Perrin Fromage Pour Raclette Poivre 200G,4.25,21.25,"['La Halle', 'La Fromagerie']",Jean PERRIN,True,False,false,1.0,WEEK,200g,[],https://courses.monoprix.fr/images-v3/0c44253f-c4a3-4340-9d37-d41e42b9d14a/60faf8e0-70f4-4609-95ef-eade8b70afc6/300x300.jpg
La Halle,f4d4d1b7-79de-45f1-9cd7-c03c2b37fb81,MPX_1031019,Monoprix Bio Côte De Veau Sans Os 2x,5.97,39.79,"['Bio', 'Boucherie et Volaille bio', 'Boucherie bio']",Monoprix Bio,True,False,false,6.0,DAY,150,[],https://courses.monoprix.fr/images-v3/0c44253f-c4a3-4340-9d37-d41e42b9d14a/70cb0e8b-6641-4c6c-8c8a-1ab7d5fc6acd/300x300.jpg
La Halle,77f2f03f-a9fa-4270-837c-b12d52e79b35,MPX_501907,Monoprix Bio Rôti de Bœuf Tranche x1,14.4,28.79,"['Bio', 'Boucherie et Volaille bio', 'Boucherie bio']",Monoprix Bio,True,False,false,2.0,DAY,500,[],https://courses.monoprix.fr/images-v3/0c44253f-c4a3-4340-9d37-d41e42b9d14a/adc3ed83-3a39-4205-90bc-8dee164ecaf1/300x300.jpg
La Halle,0ddee9e5-a8ac-4d2c-9535-fc95567f1497,MPX_2810418,Poilane Demi Seigle Rond Tranché 430g,4.19,9.74,"['Nos sélections', 'Inspiration du moment', '& Le Coin du marché', 'Pains et viennoiseries']",POILÂNE,True,False,false,1.0,DAY,430g,['Produit vegan'],https://courses.monoprix.fr/images-v3/0c44253f-c4a3-4340-9d37-d41e42b9d14a/39da7e78-c2ba-4952-a40b-16b369b7f27a/300x300.jpg
La Halle,38ba6536-8851-4cfa-8c54-7dbfeb5bbc3e,MPX_4202738,Astruc Pâtisserie Financier au Beurre Frais 180g,4.99,16.63,"['La Halle', 'Le Pain en ville']",Astruc Pâtisserie,True,False,false,1.0,WEEK,300g,[],https://courses.monoprix.fr/images-v3/0c44253f-c4a3-4340-9d37-d41e42b9d14a/673bb3d6-7d76-4556-81d1-18447135b14e/300x300.jpg
La Halle,ec1630bf-aac8-490f-92cd-b3475bd1d299,MPX_3659204,Marie-Anne Cantin Mousse Au Chocolat 260G,5.0,19.23,"['Nos sélections', 'Inspiration du moment', '& Le Coin du marché', 'Produits laitiers et oeufs']",Marie-Anne Cantin,True,False,false,6.0,DAY,260g,[],https://courses.monoprix.fr/images-v3/0c44253f-c4a3-4340-9d37-d41e42b9d14a/6ea319c9-c0e9-4d31-8bee-d6c07397e3e6/300x300.jpg
La Halle,99a3a678-52ef-4b52-bc11-e982ee4a2201,MPX_2822809,Igor Gorgonzola Bio Aop Portion 170G,4.15,24.41,"['Produits du monde', 'Italie - Italia', 'Mozzarella, Parmesan, Burrata et Ricotta']",IGOR,True,False,false,2.0,WEEK,170g,[],https://courses.monoprix.fr/images-v3/0c44253f-c4a3-4340-9d37-d41e42b9d14a/2f30bb76-60e2-4525-ae25-b5c311cff596/300x300.jpg
La Halle,d8341f40-208d-4f9e-8697-d03d9f7d835d,MPX_4248559,Jean Perrin fromage raclette ail des ours x7 tranches x8 - 200g,4.75,23.75,"['La Halle', 'La Fromagerie']",Jean Perrin,True,False,false,1.0,WEEK,200g,[],https://courses.monoprix.fr/images-v3/0c44253f-c4a3-4340-9d37-d41e42b9d14a/30ccf0ce-a2e5-4c47-97e8-036123c0c952/300x300.jpg
La Halle,693d6e4e-a283-4132-92e6-e30798b83511,MPX_3986142,Mavrommatis Kataifi à la crème 160g,3.99,24.94,"['La Halle', 'Boutique Mavrommatis']",Mavromatis,True,False,false,2.0,DAY,160g,[],https://courses.monoprix.fr/images-v3/0c44253f-c4a3-4340-9d37-d41e42b9d14a/52004dae-bbea-494c-aa2c-9b523c476a3b/300x300.jpg
La Halle,6682e916-31b5-4748-965c-95a3163c4ac3,MPX_2961414,Fantou UVCI Steak 170g,4.49,29.9,"['Boucherie et Volaille', 'Boucherie', 'Bœuf']",Fantou,True,False,false,3.0,DAY,150,[],https://courses.monoprix.fr/images-v3/0c44253f-c4a3-4340-9d37-d41e42b9d14a/aba374c1-0db4-4d27-b9f6-b4667ed73368/300x300.jpg
La Halle,6ca98c21-95ce-4e44-8151-d58c5c680aad,MPX_4262292,Natoora Citron Yuzu - 1 pièce,8.5,8.5,"['Fruits & Légumes', 'Fruits Frais', 'Agrumes', 'Citron']",Natoora,True,False,false,2.0,DAY,,[],https://courses.monoprix.fr/images-v3/0c44253f-c4a3-4340-9d37-d41e42b9d14a/67eb0bf2-9088-424a-9a2d-cc9558cac454/300x300.jpg
La Halle,72030623-5b74-42bd-8cc0-76184cb98876,MPX_2521116,Marie-Anne Cantin Fromage Mont d'Or AOP 500g,13.5,27.0,"['La Halle', 'Boutique Marie Anne Cantin']",MARIE ANNE CANTIN,True,False,false,2.0,WEEK,500g,[],https://courses.monoprix.fr/images-v3/0c44253f-c4a3-4340-9d37-d41e42b9d14a/6e5c0e5f-79c3-4b15-9382-4ac39702a37e/300x300.jpg
La Halle,813f8dbe-d1c0-409e-98fd-401f8175a958,MPX_2291927,J.C David Sauce Rouille Provençale 90g,3.8,42.22,"['La Halle', 'La Poissonnerie']",J.C. DAVID,True,False,false,1.0,YEAR,90g,[],https://courses.monoprix.fr/images-v3/0c44253f-c4a3-4340-9d37-d41e42b9d14a/f6d66000-0646-4dad-a6ef-5c40a2d605bb/300x300.jpg
La Halle,859686c8-5181-4ad9-8de5-ced72ec4c435,MPX_3318926,Biofournil 2 Camusettes 5 Graines 400G,5.59,13.98,"['Bio', 'Pain et Galette de riz bio', 'Pain et Biscotte bio']",BIOFOURNIL,True,False,false,2.0,MONTH,400g,['Produit bio'],https://courses.monoprix.fr/images-v3/0c44253f-c4a3-4340-9d37-d41e42b9d14a/ed329a14-b670-4a05-b786-649f682415b2/300x300.jpg
La Halle,4dcd75d4-ecea-489c-84af-d23bdd4d279c,MPX_3000274,Fantou UVCI Tranche Gigot Agneau avec Os 150g,6.59,43.9,"['Boucherie et Volaille', 'Boucherie', 'Veau et Agneau']",Fantou,True,False,false,2.0,DAY,150,[],https://courses.monoprix.fr/images-v3/0c44253f-c4a3-4340-9d37-d41e42b9d14a/a355b57e-769a-48cb-899c-c6d09aaffccd/300x300.jpg
La Halle,c1f5aa42-30c6-49d9-9f6b-3271a0e0f1e5,MPX_2961404,Fantou UVCI Faux Filet 170g,6.78,39.9,"['Boucherie et Volaille', 'Boucherie', 'Bœuf']",Fantou,True,False,false,3.0,DAY,170,[],https://courses.monoprix.fr/images-v3/0c44253f-c4a3-4340-9d37-d41e42b9d14a/1f3e2154-c8bf-474b-aa91-ba761f3adfe6/300x300.jpg
La Halle,bbc19bdc-e79d-425f-ab8d-9746c09a27e5,MPX_3624984,Marie Anne Cantin Mini Reblochon Fermier AOP 40g,7.49,31.21,"['La Halle', 'Boutique Marie Anne Cantin']",Marie-Anne Cantin,True,False,false,2.0,WEEK,240g,[],https://courses.monoprix.fr/images-v3/0c44253f-c4a3-4340-9d37-d41e42b9d14a/68375a4d-7271-40f7-b46d-2b457bd3d2f3/300x300.jpg
La Halle,790d1c51-be9f-452b-aa41-1d4f6616e8c3,MPX_4200879,Monoprix Bio Origines Entrecôte Flow 190g,6.99,36.79,"['Bio', 'Boucherie et Volaille bio', 'Boucherie bio']",Monoprix Bio Origines,True,False,false,1.0,WEEK,190g,['Produit bio'],https://courses.monoprix.fr/images-v3/0c44253f-c4a3-4340-9d37-d41e42b9d14a/dc9b94c0-5acd-4a4c-b0a7-1a79269940da/300x300.jpg
La Halle,89adbea1-03b9-4482-9118-64e684eaf0f2,MPX_4214456,Marie Anne Cantin Assortiment de Fromage Fumé & Truffé pour Raclette 550g,12.9,23.45,"['Noël', 'Promos de Noël', ""Promos repas festif,\xa0jusqu'à 50% sur le 2ème sur une sélection festive""]",Marie-Anne Cantin,True,False,false,1.0,WEEK,550g,[],https://courses.monoprix.fr/images-v3/0c44253f-c4a3-4340-9d37-d41e42b9d14a/c78cde02-c02a-4211-9d11-d63069536270/300x300.jpg
La Halle,6b018297-2c3f-4a86-ace2-85bfb206c249,MPX_3624981,Marie Anne Cantin Raclette de Savoie au Lait Cru 400g,10.5,26.25,"['La Halle', 'Boutique Marie Anne Cantin']",Marie-Anne Cantin,True,False,false,2.0,WEEK,400g,[],https://courses.monoprix.fr/images-v3/0c44253f-c4a3-4340-9d37-d41e42b9d14a/e57eebdc-6c3d-4b33-8a68-6e034fd19adc/300x300.jpg
La Halle,250841ea-a81c-4ce3-b505-580783344778,MPX_4219510,"La Ferme des Glycines Yaourt Brassé Bio Fermier 1,2kg",6.59,5.49,"['Bio', 'Crèmerie bio', 'Yaourt bio']",La Ferme des Glycines,True,False,false,1.0,WEEK,1.2kg,['Produit bio'],https://courses.monoprix.fr/images-v3/0c44253f-c4a3-4340-9d37-d41e42b9d14a/1f76031c-8d55-41ba-823a-01b9b5285aeb/300x300.jpg
La Halle,55a3f1fa-7dc4-4b22-87b3-e029ced7f5d0,MPX_2961418,Fantou 1906 uvci rôti filet de boeuf 500g,26.95,53.9,"['Boucherie et Volaille', 'Boucherie', 'Bœuf']",Fantou 1906,True,False,false,3.0,DAY,500,[],https://courses.monoprix.fr/images-v3/0c44253f-c4a3-4340-9d37-d41e42b9d14a/9856911b-7922-457b-8827-8d6254c6b9be/300x300.jpg
La Halle,2777caba-84c0-4c79-9fee-e5ab6f2529a2,MPX_4000842,Marie-Anne Cantin Yaourt Brassé Fraise 180g,1.75,9.72,"['La Halle', 'Boutique Marie Anne Cantin']",Marie-Anne Cantin,True,False,false,1.0,WEEK,180g,[],https://courses.monoprix.fr/images-v3/0c44253f-c4a3-4340-9d37-d41e42b9d14a/156ecaca-6032-4de2-b229-2a465603ba41/300x300.jpg
La Halle,b61251bf-b205-418b-ba35-de8d1fe1ec0d,MPX_3368121,Monoprix Gourmet Tournedos S/Barde 160g,7.52,47.0,"['Boucherie et Volaille', 'Boucherie', 'Boucherie à la coupe']",Monoprix Gourmet,True,False,false,1.0,WEEK,160,[],https://courses.monoprix.fr/images-v3/0c44253f-c4a3-4340-9d37-d41e42b9d14a/31416357-913d-4cdf-9680-ce1440800e05/300x300.jpg
La Halle,2068a8b7-fb26-4530-8450-763666097e5b,MPX_2961375,Fantou Uvci Roti Longe 4 Personnes 600g,13.14,21.9,"['Boucherie et Volaille', 'Boucherie', 'Porc']",Fantou,True,False,false,3.0,DAY,600,[],https://courses.monoprix.fr/images-v3/0c44253f-c4a3-4340-9d37-d41e42b9d14a/e70005dc-a3e9-4346-a8f5-b1d9beebe793/300x300.jpg
La Halle,d099861d-8e73-4c50-812b-b54808e8abd8,MPX_1626699,Mavromatis Pain Libanais Traditionnel 420g,2.99,7.12,"['La Halle', 'Boutique Mavrommatis']",MAVROMMATIS,True,False,false,2.0,WEEK,420g,[],https://courses.monoprix.fr/images-v3/0c44253f-c4a3-4340-9d37-d41e42b9d14a/1757e9a7-ee98-45e6-8322-3695aa9d5c1b/300x300.jpg
La Halle,33d576d8-34af-40a4-88a4-07a10b7c35c7,MPX_4042243,Atelier Georget Tartelettes aux pommes 2x95g,4.5,23.68,"['La Halle', 'Le Pain en ville']",Atelier georget,True,False,false,3.0,DAY,2 x 95g,[],https://courses.monoprix.fr/images-v3/0c44253f-c4a3-4340-9d37-d41e42b9d14a/1013ad20-965a-4c8c-9c1a-6f8a5e5682e2/300x300.jpg
La Halle,91fcb51e-72db-4f9a-a5e4-31cdc11885f4,MPX_2961476,Fantou UVCI Rumsteck Tranche 150g,5.99,39.9,"['Boucherie et Volaille', 'Boucherie', 'Bœuf']",Fantou,True,False,false,3.0,DAY,150,[],https://courses.monoprix.fr/images-v3/0c44253f-c4a3-4340-9d37-d41e42b9d14a/12728cba-69d9-4c46-8d32-627ca716b897/300x300.jpg
La Halle,843627ba-83b0-43f1-9cc2-e25d82f73ff5,MPX_3599489,Marie Anne Cantin Plateau De 4 Fromages,6.0,32.43,"['La Halle', 'Boutique Marie Anne Cantin']",ETOILE DU QUERCY,True,False,false,1.0,WEEK,185g,[],https://courses.monoprix.fr/images-v3/0c44253f-c4a3-4340-9d37-d41e42b9d14a/f44fa864-b157-4fc4-afa5-594d4e7dee68/300x300.jpg
La Halle,dad32705-a9ff-4fe8-bc1b-ff9d199c821c,MPX_4122543,Naturals Saucisson Sec 90g,5.45,60.56,"['Nos sélections', 'Inspiration du moment', '& Le Coin du marché', 'Charcuterie']",Naturals,True,False,false,1.0,WEEK,90g,[],https://courses.monoprix.fr/images-v3/0c44253f-c4a3-4340-9d37-d41e42b9d14a/0f04f5ca-f408-4109-b1d2-6d55bc4aefdc/300x300.jpg
La Halle,df38ac3c-7e6c-46ae-b001-bda166a379cd,MPX_4000841,Marie-Anne Cantin Yaourt Brassé Citron 180g,1.75,9.72,"['La Halle', 'Boutique Marie Anne Cantin']",Marie-Anne Cantin,True,False,false,1.0,WEEK,180g,[],https://courses.monoprix.fr/images-v3/0c44253f-c4a3-4340-9d37-d41e42b9d14a/d397c34c-a8c3-4e12-bd3f-b68d83af10a2/300x300.jpg
La Halle,e58b1875-1f04-4132-ae04-bb7986805969,MPX_1626697,Mavromatis Pain Pitta Chypriote Cocktail 360g,4.49,12.47,"['La Halle', 'Boutique Mavrommatis']",MAVROMMATIS,True,False,false,2.0,WEEK,360g,[],https://courses.monoprix.fr/images-v3/0c44253f-c4a3-4340-9d37-d41e42b9d14a/34ccd4e2-0133-4b77-880f-209385fa846e/300x300.jpg
La Halle,5f0e1d58-aed2-4271-99ad-bdc04e654987,MPX_3955040,Les Niçois Tapenade d'olives noires 180g,4.25,23.61,"['Epicerie Salée', 'Produit apéritif', 'Tartinable et Produit de la Mer', 'Tapenade et Autre Tartinable']",Les nicois,True,False,false,1.0,WEEK,180g,[],https://courses.monoprix.fr/images-v3/0c44253f-c4a3-4340-9d37-d41e42b9d14a/42fc95e7-7bf5-463b-bfdd-7f2a6c4d0162/300x300.jpg
La Halle,1f9e8cc6-f289-4555-b067-b5abba9bc003,MPX_1626707,Mavromatis Ktipiti,4.69,29.31,"['Epicerie Salée', 'Produits du monde', 'Grèce']",MAVROMMATIS,True,False,false,3.0,DAY,160g,[],https://courses.monoprix.fr/images-v3/0c44253f-c4a3-4340-9d37-d41e42b9d14a/407629f1-cee8-4663-9822-18437033e718/300x300.jpg
La Halle,aa2cda69-5e8c-429d-82b0-8d2e639020e8,MPX_3955038,Les Niçois Concassé de tomates 180g,4.25,23.61,"['Nos régions de France', 'Paca', 'Provence']",Les Niçois,True,False,false,1.0,WEEK,180g,[],https://courses.monoprix.fr/images-v3/0c44253f-c4a3-4340-9d37-d41e42b9d14a/41a3eb54-79ba-40be-a42b-17a1fe315eb3/300x300.jpg
La Halle,d7db822f-13ef-4352-83a1-375d36f14ce5,MPX_501910,Monop Biologique Faux Filet de Bœuf x1,6.72,33.59,"['Bio', 'Boucherie et Volaille bio', 'Boucherie bio']",Monoprix Bio,True,False,false,6.0,DAY,200,[],https://courses.monoprix.fr/images-v3/0c44253f-c4a3-4340-9d37-d41e42b9d14a/139785ed-ca2e-4ef8-8335-ba230bf00e9b/300x300.jpg
La Halle,af744de5-899f-4175-bdd0-45c33becfd47,MPX_3659209,Marie-Anne Cantin Riz au Lait au Caramel 125g,2.59,20.72,"['La Halle', 'Boutique Marie Anne Cantin']",Marie-Anne Cantin,True,False,false,1.0,WEEK,125g,[],https://courses.monoprix.fr/images-v3/0c44253f-c4a3-4340-9d37-d41e42b9d14a/57a2a8ad-64c4-4780-a225-671d4db014b5/300x300.jpg
La Halle,9c583141-2151-4d78-a1e9-648d77a232f3,MPX_4213256,Marie Anne Cantin Assortiment de 3 Fromages pour Raclette 550g,12.9,23.45,"['Noël', 'Promos de Noël', ""Promos repas festif,\xa0jusqu'à 50% sur le 2ème sur une sélection festive""]",Marie-Anne Cantin,True,False,false,1.0,WEEK,550g,[],https://courses.monoprix.fr/images-v3/0c44253f-c4a3-4340-9d37-d41e42b9d14a/edc72dac-6790-4d00-bc0d-fef4ee536ccb/300x300.jpg
La Halle,3943342e-5ba0-4106-9d7b-af9011ae2d76,MPX_4220103,Snowdonia Cheddar Red Storm Affiné 21 Mois 200G,7.9,39.5,"['Nos sélections', 'Inspiration du moment', '& Le Coin du marché', 'Fromage']",SNOWDONIA,True,False,false,3.0,WEEK,200g,[],https://courses.monoprix.fr/images-v3/0c44253f-c4a3-4340-9d37-d41e42b9d14a/c7cebad9-180f-4add-b34b-cf05248d584f/300x300.jpg
La Halle,913f7587-9a9f-4b68-8239-83a6d252aaa2,MPX_1386534,Oreillettes du Languedoc 200g,4.2,21.0,"['La Halle', 'Le Pain en ville']",Les Biscuits de Mel,True,False,false,2.0,WEEK,200g,[],https://courses.monoprix.fr/images-v3/0c44253f-c4a3-4340-9d37-d41e42b9d14a/b0bbf058-3d93-4f0c-9fb3-882246cb4c3e/300x300.jpg
La Halle,dfd5dff3-09ef-474a-9618-7cb43651ebec,MPX_501908,Monoprix Bio Bifteck Tranche 1 Pièce,3.92,27.99,"['Bio', 'Boucherie et Volaille bio', 'Boucherie bio']",Monoprix Bio,True,False,false,6.0,DAY,140,[],https://courses.monoprix.fr/images-v3/0c44253f-c4a3-4340-9d37-d41e42b9d14a/f2ebd2bf-e097-4bd9-b871-97ab371695d3/300x300.jpg
La Halle,6f3ebbcc-1ca3-428c-9760-bafb491cc084,MPX_4200635,Les Niçois Aïoli de Tonton Jean 105g,3.59,34.19,"['Nos régions de France', 'Paca', 'Sardinade, anchois et autres apéritifs de la mer']",Les Niçois,True,False,false,2.0,MONTH,105g,['Produit végétarien'],https://courses.monoprix.fr/images-v3/0c44253f-c4a3-4340-9d37-d41e42b9d14a/88447e18-d7a3-4e9d-8b70-f994a176ee2d/300x300.jpg
La Halle,d0ba3d79-c0be-47b0-900d-423af3fd3238,MPX_3368201,Monoprix Gourmet Côte De Boeuf 650G,21.44,32.99,"['Boucherie et Volaille', 'Boucherie', 'Boucherie à la coupe']",Monoprix Gourmet,True,False,false,1.0,WEEK,650,[],https://courses.monoprix.fr/images-v3/0c44253f-c4a3-4340-9d37-d41e42b9d14a/98c5b762-c78c-4add-8da8-0d25c070fdee/300x300.jpg
La Halle,e3ad7f36-b01b-4e5c-ac2a-2d31efc4025f,MPX_4202665,Gressin Rubata Sésame 400g,3.95,9.88,"['Produits du monde', 'Italie - Italia', 'Gressin, Tartinable et Condiment']",-,True,False,false,2.0,MONTH,400g,[],https://courses.monoprix.fr/images-v3/0c44253f-c4a3-4340-9d37-d41e42b9d14a/5532c6b8-fd0b-4aff-b7dc-f4ec8bde76c3/300x300.jpg
La Halle,abd07bb2-34de-4d3e-a5c3-52537bbb02df,MPX_3870759,Rocher Coco 400G,4.99,12.48,"['La Halle', 'Le Traiteur']",Casino,True,False,false,1.0,WEEK,400g,[],https://courses.monoprix.fr/images-v3/0c44253f-c4a3-4340-9d37-d41e42b9d14a/bed879bc-c512-4acd-b7de-77e27b9fad85/300x300.jpg
La Halle,c843d424-4b70-4e1c-b176-e00386596d26,MPX_3443271,J.C David Soupe de Saumon Bio 780g,8.99,11.53,"['La Halle', 'La Poissonnerie']",J.C. DAVID,True,False,false,1.0,YEAR,780g,['Produit bio'],https://courses.monoprix.fr/images-v3/0c44253f-c4a3-4340-9d37-d41e42b9d14a/ad39a49e-5169-433a-ad95-b532a06612d7/300x300.jpg
La Halle,8f7f3cf4-0508-4bf0-a0bd-baac35fcc280,MPX_4200354,Monoprix Bio Origines Faux Filet Flow 180g,7.09,39.39,"['Bio', 'Boucherie et Volaille bio', 'Boucherie bio']",Monoprix Bio Origines,True,False,false,6.0,DAY,180g,['Produit bio'],https://courses.monoprix.fr/images-v3/0c44253f-c4a3-4340-9d37-d41e42b9d14a/8034e7bd-afaa-4589-a19a-8feedfc37b01/300x300.jpg
La Halle,143e5930-5346-4b7d-bfb8-7fe7f3eb218c,MPX_4202832,Tome fraîche aubrac LC 27% 500g,9.9,19.8,"['La Halle', 'La Fromagerie']",COOPERATIVE JEUNE MONTAGNE,True,False,false,2.0,WEEK,500g,[],https://courses.monoprix.fr/images-v3/0c44253f-c4a3-4340-9d37-d41e42b9d14a/0a2bb8b3-b2f5-4470-aeb0-0c269a612e8f/300x300.jpg
La Halle,e144d939-0dd9-4d2a-9cb8-073769761304,MPX_4200632,Les Niçois Houmous pistou 180g,4.25,23.61,"['La Halle', 'Le Traiteur']",Les nicois,True,False,false,1.0,WEEK,180g,[],https://courses.monoprix.fr/images-v3/0c44253f-c4a3-4340-9d37-d41e42b9d14a/734d29bd-1ebf-491e-ad77-b084bdeaf505/300x300.jpg
La Halle,44e64126-3976-48bd-ba2d-182881610355,MPX_1046168,Monop Biologique Escalope Porc x 2 260g,4.92,19.69,"['Bio', 'Boucherie et Volaille bio', 'Boucherie bio']",Monoprix Bio,True,False,false,4.0,DAY,250,[],https://courses.monoprix.fr/images-v3/0c44253f-c4a3-4340-9d37-d41e42b9d14a/ede1fbee-bd61-42ef-9fce-ae5454ec8d3e/300x300.jpg
La Halle,8b6f6a44-772c-4ad3-8d8a-b084ca93cd8a,MPX_4220101,Snowdonia Black Bomber Vieux Cheddar 200G,7.9,39.5,"['Nos sélections', 'Inspiration du moment', '& Le Coin du marché', 'Fromage']",SNOWDONIA,True,False,false,3.0,WEEK,200g,[],https://courses.monoprix.fr/images-v3/0c44253f-c4a3-4340-9d37-d41e42b9d14a/c6ff0f05-d93c-45ff-ac33-39e5dfccdc1d/300x300.jpg
La Halle,ea25bd89-37d4-4d77-9ae6-4dd2865de1e9,MPX_2961420,Fantou 1906 uvci fondue en cube 500g,18.45,36.9,"['Boucherie et Volaille', 'Boucherie', 'Bœuf']",Fantou 1906,True,False,false,3.0,DAY,500,[],https://courses.monoprix.fr/images-v3/0c44253f-c4a3-4340-9d37-d41e42b9d14a/ab8245da-2f02-4716-9729-050e738f1b60/300x300.jpg
La Halle,b66152fb-5ecc-47ce-8bb9-8b42e96dc596,MPX_4248557,Jean Perrin Fromage Raclette Gourmande x3 Variétés 360g,9.85,27.36,"['Nos sélections', 'Inspiration du moment', '& Le Coin du marché', 'Fromage']",Jean PERRIN,True,False,false,1.0,WEEK,360g,[],https://courses.monoprix.fr/images-v3/0c44253f-c4a3-4340-9d37-d41e42b9d14a/409048ff-3f5c-4406-b3e7-19eaf84242e1/300x300.jpg
La Halle,d0e74680-3e42-4b78-84a9-0b40654c5865,MPX_1862143,Monop Biologique M Bio Onglet X1,4.72,36.29,"['Bio', 'Boucherie et Volaille bio', 'Boucherie bio']",Monoprix Bio,True,False,false,6.0,DAY,130,[],https://courses.monoprix.fr/images-v3/0c44253f-c4a3-4340-9d37-d41e42b9d14a/f741552d-bbb5-40ca-8347-a4b59995786b/300x300.jpg
La Halle,fa802868-b067-4f15-8d10-1c5bae65bfcc,MPX_3986144,Mavrommatis Tiramisu au metaxa 140g,4.99,35.64,"['La Halle', 'Boutique Mavrommatis']",Mavromatis,True,False,false,2.0,DAY,140g,[],https://courses.monoprix.fr/images-v3/0c44253f-c4a3-4340-9d37-d41e42b9d14a/24015577-068f-4532-bf32-f9608a3f0eb1/300x300.jpg
La Halle,4c0e6a53-ffc2-4afa-a7ad-9877b795cdfc,MPX_3961501,J.C David Œufs De Cabillaud Fumage Traditionnel 130 G,8.99,69.15,"['La Halle', 'La Poissonnerie']",J.C. DAVID,True,False,false,1.0,DAY,130g,[],https://courses.monoprix.fr/images-v3/0c44253f-c4a3-4340-9d37-d41e42b9d14a/80e3c2d2-4039-413b-a025-e214b91e853e/300x300.jpg
La Halle,31b1d1d8-78db-4dc6-bb18-49a153d2feca,MPX_4042189,Atelier Georget Tartelettes chocolat noisette 2 x 75g,4.6,30.67,"['La Halle', 'Le Pain en ville']",Atelier georget,True,False,false,3.0,DAY,2 x 75g,[],https://courses.monoprix.fr/images-v3/0c44253f-c4a3-4340-9d37-d41e42b9d14a/35087d08-4ece-45ca-8b22-4ed44aa7cc6f/300x300.jpg
La Halle,ca464ce9-67c0-451a-bbb6-227aaff823a6,MPX_4200880,Monoprix Bio Origines Bavette Aloyau Flow 140g,6.49,46.36,"['Bio', 'Boucherie et Volaille bio', 'Boucherie bio']",Monoprix Bio Origines,True,False,false,1.0,WEEK,140g,[],https://courses.monoprix.fr/images-v3/0c44253f-c4a3-4340-9d37-d41e42b9d14a/7a8c5a1a-a245-4671-8708-96a587210e82/300x300.jpg
La Halle,278ceb24-3186-4f9c-a307-c5b96c0bdb06,MPX_2521117,Marie Anne Cantin Mont d'Or AOP 800g,21.5,26.88,"['La Halle', 'Boutique Marie Anne Cantin']",MARIE ANNE CANTIN,True,False,false,2.0,WEEK,800g,[],https://courses.monoprix.fr/images-v3/0c44253f-c4a3-4340-9d37-d41e42b9d14a/6954b13d-248e-4d03-8b12-1d5664896431/300x300.jpg
Leader Price,c26cf629-04bc-45e6-8f1a-e68f06f462e9,MPX_4092990,Leader Price Papier Cuisson 15mx30cm,1.24,1.24,"['Entretien & Nettoyage', 'Accessoire menager', 'Emballage alimentaire', 'Papier cuisson']",Leader Price,True,False,false,,,,[],https://courses.monoprix.fr/images-v3/0c44253f-c4a3-4340-9d37-d41e42b9d14a/f913c80a-1aad-4271-b3ba-65f806c13bcc/300x300.jpg
Leader Price,e9d4e9d4-87e4-4604-853b-ded752353704,MPX_4078044,Leader Price Matin Plaisir 100% Pur Jus de Pomme en brique 1L,1.14,1.14,"['Boissons et Lait', 'Jus et Sirop', 'Jus de pomme']",Leader Price,True,False,false,2.0,MONTH,1L,[],https://courses.monoprix.fr/images-v3/0c44253f-c4a3-4340-9d37-d41e42b9d14a/de80f729-1ca7-4f88-9a71-defb3c286b3a/300x300.jpg
Leader Price,734def14-9925-46a8-bd67-bc92c15f2b20,MPX_4094434,Leader Price Gel Wc avec Javel 750ml,0.94,1.25,"['Leader Price', 'Entretien']",Leader Price,True,False,false,6.0,MONTH,750ml,[],https://courses.monoprix.fr/images-v3/0c44253f-c4a3-4340-9d37-d41e42b9d14a/f1641bf0-5628-4688-b5eb-13d055b2a14a/300x300.jpg
Leader Price,9fa0c3e5-69e3-418f-b127-aad689988224,MPX_4092511,Leader Price Amandes en Poudre 125g,1.83,14.64,"['Leader Price', 'Epicerie Sucrée']",Leader Price,True,False,false,6.0,MONTH,125g,[],https://courses.monoprix.fr/images-v3/0c44253f-c4a3-4340-9d37-d41e42b9d14a/4d9c4c80-0d72-4355-a866-9f5a138e9582/300x300.jpg
Leader Price,bc96f5f9-9a51-4861-88ff-86945583c70e,MPX_4093251,Leader Price Jus d'Orange 1l,0.97,0.97,"['Boissons et Lait', 'Jus et Sirop', ""Jus d'orange""]",Leader Price,True,False,false,6.0,MONTH,1L,[],https://courses.monoprix.fr/images-v3/0c44253f-c4a3-4340-9d37-d41e42b9d14a/f2ce8f6a-164f-40d4-8b69-4825492a9427/300x300.jpg
Leader Price,b3f5079b-99d9-4a82-8563-72a6998fb047,MPX_4092968,Leader Price Cassonade Sucre Roux de Canne 1kg,1.78,1.78,"['Leader Price', 'Epicerie Sucrée']",Leader Price,True,False,false,,,1kg,[],https://courses.monoprix.fr/images-v3/0c44253f-c4a3-4340-9d37-d41e42b9d14a/c323364a-8dc2-4b7c-876b-3dd7d3d22428/300x300.jpg
Leader Price,2ec612ce-a6de-4e62-9111-5b0a3cb0ab2e,MPX_4092935,Leader Price Galettes Bretonnes Pur Beurre x16 125g,0.78,6.24,"['Leader Price', 'Epicerie Sucrée']",Leader Price,True,False,false,2.0,MONTH,125g,[],https://courses.monoprix.fr/images-v3/0c44253f-c4a3-4340-9d37-d41e42b9d14a/0c142a1f-1f32-454e-b19e-ddec3ba1ff3e/300x300.jpg
Leader Price,4305730b-d562-42a1-b760-76fdb4921d77,MPX_4093193,Leader Price Thon Albacore Entier au Naturel 132g,1.52,16.34,"['Leader Price', 'Epicerie Salée']",Leader Price,True,False,false,1.0,YEAR,93g,[],https://courses.monoprix.fr/images-v3/0c44253f-c4a3-4340-9d37-d41e42b9d14a/d192097a-3ff6-4d3d-be81-4ea2e35eb91a/300x300.jpg
Leader Price,100423a0-a993-40b5-b90a-fea24e09cb43,MPX_4092490,Leader Price lingettes Multi-Usage Parfum citron x80,2.21,0.03,"['Leader Price', 'Entretien']",Leader Price,True,False,false,,,80 par pack,[],https://courses.monoprix.fr/images-v3/0c44253f-c4a3-4340-9d37-d41e42b9d14a/5fb8c03d-3325-496a-932f-b3073915a43b/300x300.jpg
Leader Price,872f7d3c-7117-445e-ac8d-17ac3b2e2944,MPX_4093260,Leader Price Palets Bretons 125g,0.69,5.52,"['Leader Price', 'Epicerie Sucrée']",Leader Price,True,False,false,1.0,MONTH,125g,[],https://courses.monoprix.fr/images-v3/0c44253f-c4a3-4340-9d37-d41e42b9d14a/c9908f77-e45f-4dc0-9dd1-20ddace49b86/300x300.jpg
Leader Price,083e19a9-15c1-4b32-a6db-7ffb72b1e106,MPX_4092128,Leader Price Liquide Vaisselle Citron & Verveine 750ml,1.07,1.43,"['Leader Price', 'Entretien']",Leader Price,True,False,false,,,750ml,[],https://courses.monoprix.fr/images-v3/0c44253f-c4a3-4340-9d37-d41e42b9d14a/10a4f3ba-0b18-4610-ac17-914ca5fb360b/300x300.jpg
Leader Price,1f933ff5-b2d0-4707-be4a-9ab9160c2cdf,MPX_4092496,Leader Price Chipsy Pétale Salées Apéro 75g,0.72,9.6,"['Epicerie Salée', 'Produit apéritif', 'Chips et Biscuit Apéritif', 'Soufflé et Croustillant']",Leader Price,True,False,false,2.0,MONTH,75g,[],https://courses.monoprix.fr/images-v3/0c44253f-c4a3-4340-9d37-d41e42b9d14a/b058d3df-1dc9-4f05-b057-b90887d76d8d/300x300.jpg
Leader Price,117c309b-a498-4dfd-bf34-bbcfdfbc2e28,MPX_4094609,Leader Price Sardine à l’Huile d’Olive 115g,0.93,8.09,"['Leader Price', 'Epicerie Salée']",Leader Price,True,False,false,1.0,YEAR,115g,[],https://courses.monoprix.fr/images-v3/0c44253f-c4a3-4340-9d37-d41e42b9d14a/3a720599-7a11-4968-8798-40b7d8d5e1c2/300x300.jpg
Leader Price,c8fac69e-c3a4-4298-8fad-81332af8180b,MPX_4093411,Leader Price Tablette Chocolat Supérieur Au Lait 3x100g,1.71,5.7,"['Leader Price', 'Epicerie Sucrée']",Leader Price,True,False,false,6.0,MONTH,3 x 100g,[],https://courses.monoprix.fr/images-v3/0c44253f-c4a3-4340-9d37-d41e42b9d14a/fba6b188-0c5a-482b-8c9e-c183d85f8a4a/300x300.jpg
Leader Price,cbc7e9e0-996e-4535-b028-ec0008461aaa,MPX_6614671,Leader Price Rollmops Filets de Hareng  Vinaigre 200g,2.99,14.95,"['Leader Price', 'Epicerie Salée']",Leader Price,True,False,false,2.0,WEEK,200g,[],https://courses.monoprix.fr/images-v3/0c44253f-c4a3-4340-9d37-d41e42b9d14a/bd57633c-27a8-4839-a4d9-19ac3ed2c32b/300x300.jpg
Leader Price,f25128ee-8ebc-4bc6-933d-91146766cac4,MPX_4094333,Leader Price Sauce à la Provençale au Basilic 420g,0.94,2.24,"['Leader Price', 'Epicerie Salée']",Leader Price,True,False,false,1.0,YEAR,420g,[],https://courses.monoprix.fr/images-v3/0c44253f-c4a3-4340-9d37-d41e42b9d14a/b85c3e4e-f322-41b5-91ed-ed34780a2f55/300x300.jpg
Leader Price,ae5d908d-55e4-407b-974a-af34718040a1,MPX_4093197,Leader Price Chips Nature 6x30g,1.41,7.83,"['Epicerie Salée', 'Produit apéritif', 'Chips et Biscuit Apéritif', 'Chips']",Leader Price,True,False,false,1.0,MONTH,6 x 30g,[],https://courses.monoprix.fr/images-v3/0c44253f-c4a3-4340-9d37-d41e42b9d14a/7057d87a-b0ef-455c-adfb-77f51c8d43ba/300x300.jpg
Leader Price,c421018d-c681-4748-ad97-b6b8b34e0d3c,MPX_4092441,Leader Price Compote Allégée Pomme Banane 4 x 100g,0.96,2.4,"['Leader Price', 'Epicerie Sucrée']",Leader Price,True,False,false,2.0,MONTH,4 x 100g,[],https://courses.monoprix.fr/images-v3/0c44253f-c4a3-4340-9d37-d41e42b9d14a/ff3468c3-cbe0-4a3b-b558-7d1546cfd627/300x300.jpg
Leader Price,4885e090-8128-4f31-92f7-2d045012f0ab,MPX_4092170,Leader Price Mélange Télé 125g,1.48,11.84,"['Epicerie Salée', 'Produit apéritif', 'Cacahuète, Noix, Amande et Pistache', 'Cacahuète']",Leader Price,True,False,false,2.0,MONTH,125g,[],https://courses.monoprix.fr/images-v3/0c44253f-c4a3-4340-9d37-d41e42b9d14a/1b85a3d4-c4f2-42e4-903a-a14afd30d393/300x300.jpg
Leader Price,05d6a475-4850-4b6c-8c6d-32dd013fbcfd,MPX_4094492,Leader Price Poivre Noir Moulu 40g,0.84,21.0,"['Leader Price', 'Epicerie Salée']",Leader Price,True,False,false,1.0,YEAR,40g,[],https://courses.monoprix.fr/images-v3/0c44253f-c4a3-4340-9d37-d41e42b9d14a/e78a890b-5d97-48d4-82f2-001a1c30b61e/300x300.jpg
Leader Price,b4e3a400-f9c2-4418-a7e2-fed7250ef802,MPX_4092604,Leader Price Tablette De Chocolat Blanc 2x100g,1.26,3.15,"['Leader Price', 'Epicerie Sucrée']",Leader Price,True,False,false,6.0,MONTH,2 x 200g,[],https://courses.monoprix.fr/images-v3/0c44253f-c4a3-4340-9d37-d41e42b9d14a/cb774d1f-1fed-4180-9bce-ae5cce101209/300x300.jpg
Leader Price,c7401870-a2f2-4660-bd78-5cfb7295e06b,MPX_4092588,Leader Price Matin Plaisir Pur Jus d'Orange 1L,1.58,1.58,"['Boissons et Lait', 'Jus et Sirop', ""Jus d'orange""]",Leader Price,True,False,false,2.0,MONTH,1L,[],https://courses.monoprix.fr/images-v3/0c44253f-c4a3-4340-9d37-d41e42b9d14a/92f9416d-aff9-4a9d-a3a0-d3950505e352/300x300.jpg
Leader Price,c019cb52-39f9-4f8c-95c2-dd7ecff92751,MPX_4092818,Leader Price Désodorisant Muguet 300ml,1.12,3.73,"['Leader Price', 'Entretien']",Leader Price,True,False,false,1.0,YEAR,300ml,[],https://courses.monoprix.fr/images-v3/0c44253f-c4a3-4340-9d37-d41e42b9d14a/6a797151-e59c-4ae1-bace-9cb12ab20950/300x300.jpg
Leader Price,171c740d-f0de-451b-a0ed-11c034ec5b0b,MPX_5012894,Leader Price Noix de Cajou Grillées Salées 125g,1.7,13.6,"['Leader Price', 'Epicerie Salée']",Leader Price,True,False,false,2.0,MONTH,125g,[],https://courses.monoprix.fr/images-v3/0c44253f-c4a3-4340-9d37-d41e42b9d14a/9a602db1-3594-4de5-9422-216b65511b27/300x300.jpg
Leader Price,0ebd934b-2bc9-41ea-ae52-08208a8ca5df,MPX_4093486,Leader Price Tuiles Apéro Goût Salées 170g,1.26,7.41,"['Epicerie Salée', 'Produit apéritif', 'Chips et Biscuit Apéritif', 'Chips']",Leader Price,True,False,false,2.0,MONTH,170g,[],https://courses.monoprix.fr/images-v3/0c44253f-c4a3-4340-9d37-d41e42b9d14a/365c0aa1-4d14-47a8-b7ef-114a0078509d/300x300.jpg
Leader Price,d55c694a-d327-47cc-ab8d-cf584ad1766c,MPX_4094186,Leader Price Capsules Espresso Lungo Forte N°8 x10 50g,1.87,37.4,"['Epicerie Sucrée', 'Café, Thé et Boisson chaude', 'Café', 'Compatible Nespresso']",Leader Price,True,False,false,2.0,MONTH,50g,[],https://courses.monoprix.fr/images-v3/0c44253f-c4a3-4340-9d37-d41e42b9d14a/539cb3e7-31bf-455f-a287-0c7a016dce93/300x300.jpg
Leader Price,c01b8b00-5006-46e8-8854-a7615b3a8646,MPX_4092574,Leader Price Mouchoirs blancs Douceur Quatre Epaisseurs Etuis x15,1.77,1.77,"['Leader Price', 'Hygiène et Beauté']",Leader Price,True,False,false,,,,[],https://courses.monoprix.fr/images-v3/0c44253f-c4a3-4340-9d37-d41e42b9d14a/7445aaf6-73a7-444a-a94e-21b1b2615f44/300x300.jpg
Leader Price,29d9be2c-ca29-4efb-9c5c-af477c7feab2,MPX_4093240,Leader Price Panaché Saveur Grenadine 6 x 25cl,1.79,1.19,"['Leader Price', 'Boissons']",Leader Price ,True,False,false,2.0,MONTH,6 x 250ml,[],https://courses.monoprix.fr/images-v3/0c44253f-c4a3-4340-9d37-d41e42b9d14a/b4d4c63c-5709-49f6-a17d-a7427ae69c11/300x300.jpg
Leader Price,7a4af17f-ab89-4af4-aae3-2033b0187bb8,MPX_4092853,Leader Price Filets de Maquereaux à la Moutarde à l’Ancienne 169g,1.31,7.75,"['Leader Price', 'Epicerie Salée']",Leader Price,True,False,false,1.0,YEAR,169g,[],https://courses.monoprix.fr/images-v3/0c44253f-c4a3-4340-9d37-d41e42b9d14a/03fd475d-b8de-4d17-ba35-0c912fae4fa3/300x300.jpg
Leader Price,d25f41f1-2f5e-4875-a4ca-94655395323f,MPX_4094370,Leader Price Next Petits Pois et Jeunes Carottes Extra-Fins à l’Etuvée 265g,0.95,3.58,"['Leader Price', 'Epicerie Salée']",Leader Price,True,False,false,1.0,YEAR,265g,[],https://courses.monoprix.fr/images-v3/0c44253f-c4a3-4340-9d37-d41e42b9d14a/8cd0a4aa-0416-46b2-afda-8c3b43141e0a/300x300.jpg
Leader Price,1699a137-9519-43e1-a34e-f7a56a075dcb,MPX_4093235,Leader Price Spaghetti Paquet 500g,0.83,1.66,"['Leader Price', 'Epicerie Salée']",Leader Price,True,False,false,1.0,YEAR,500g,[],https://courses.monoprix.fr/images-v3/0c44253f-c4a3-4340-9d37-d41e42b9d14a/23ad8438-26e6-45b9-a805-1625a80b8eda/300x300.jpg
Leader Price,70691be8-998f-4a7a-89ef-8a8dc71835e7,MPX_4092640,Leader Price Lait Demi-Écrémé 6x1L,5.88,0.98,"['Leader Price', 'Boissons']",Leader Price,True,False,false,4.0,WEEK,6 x 1L,[],https://courses.monoprix.fr/images-v3/0c44253f-c4a3-4340-9d37-d41e42b9d14a/9ae8ceeb-46a3-4668-9bc1-c841e6083504/300x300.jpg
Leader Price,2a8da91e-3ec9-49a2-adcd-931809d122e9,MPX_4078736,Leader Price Confiture de Fraise 370g,1.16,3.14,"['Leader Price', 'Epicerie Sucrée']",Leader Price,True,False,false,6.0,MONTH,370g,[],https://courses.monoprix.fr/images-v3/0c44253f-c4a3-4340-9d37-d41e42b9d14a/224c31b8-62e5-4d25-9fe2-657eaf01cac9/300x300.jpg
Leader Price,d1e288c2-a07a-4146-a2bd-a2ba30a7b9d0,MPX_4092438,Leader Price Café Moulu Expresso Pur Arabica 250g,1.99,7.96,"['Leader Price', 'Epicerie Sucrée']",Leader Price,True,False,false,2.0,MONTH,250g,[],https://courses.monoprix.fr/images-v3/0c44253f-c4a3-4340-9d37-d41e42b9d14a/7b2a70f7-a57d-4e39-b7b4-cfa6900b8d48/300x300.jpg
Leader Price,ec842dc5-f207-4157-a4a3-86a67fd50678,MPX_4092866,Leader Price Cubes Marshmallows 220g,0.96,4.36,"['Leader Price', 'Epicerie Sucrée']",Leader Price,True,False,false,2.0,MONTH,220g,[],https://courses.monoprix.fr/images-v3/0c44253f-c4a3-4340-9d37-d41e42b9d14a/968a63d8-5650-4ca4-abd5-18a8e9ef9a07/300x300.jpg
Leader Price,5e4fd125-7216-41c7-a751-caa72fc0970e,MPX_4093497,Leader price paquita biscuits sablés nappés chocolat au lait 200g,0.92,4.6,"['Leader Price', 'Epicerie Sucrée']",Leader Price,True,False,false,2.0,MONTH,200g,[],https://courses.monoprix.fr/images-v3/0c44253f-c4a3-4340-9d37-d41e42b9d14a/68706a0c-6e05-4f5d-9926-71b57d72703c/300x300.jpg
Leader Price,d7c5c56f-6812-41de-ad58-c6c49060ad4e,MPX_4094282,Leader Price Barquettes Chocolat & Noisettes 2x120g,1.41,5.88,"['Leader Price', 'Epicerie Sucrée']",Leader Price,True,False,false,1.0,MONTH,2 x 120g,[],https://courses.monoprix.fr/images-v3/0c44253f-c4a3-4340-9d37-d41e42b9d14a/916ae1f7-7acf-4b2e-b045-c128b67a5c83/300x300.jpg
Leader Price,82f45957-d0f7-4620-9d1f-176296b25e0c,MPX_4092519,Leader Price Eau Aromatisée au Citron et Citron Vert 1.5l,0.85,0.57,"['Boissons et Lait', 'Eau', 'Eau aromatisée gazeuse']",Leader Price,True,False,false,2.0,MONTH,1.5L,[],https://courses.monoprix.fr/images-v3/0c44253f-c4a3-4340-9d37-d41e42b9d14a/a5e9af08-6ea5-4aa2-a52f-1ce7a9ca601a/300x300.jpg
Leader Price,1e0e8914-f930-461c-8535-207d6d6a3704,MPX_4092728,Leader Price Confiture d'Abricot 370g,1.22,3.3,"['Leader Price', 'Epicerie Sucrée']",Leader Price,True,False,false,1.0,YEAR,370g,[],https://courses.monoprix.fr/images-v3/0c44253f-c4a3-4340-9d37-d41e42b9d14a/9d5bfaa3-0833-43b2-b7a4-0eaaa047b337/300x300.jpg
Leader Price,0eab69cc-22f0-4612-88b3-e66da9a82575,MPX_4092797,Leader Price Next Genoise Framboise Pur Beurre 150g,0.84,5.6,"['Leader Price', 'Epicerie Sucrée']",Leader Price,True,False,false,2.0,MONTH,150g,[],https://courses.monoprix.fr/images-v3/0c44253f-c4a3-4340-9d37-d41e42b9d14a/fd7fc901-2c5e-4917-a53d-f8044d049fab/300x300.jpg
Leader Price,19c33b57-e53d-499f-b9c5-8ba8a8103948,MPX_4093144,Leader Price Barres Céréalières Chocolat Noir x6 126g,1.34,10.63,"['Leader Price', 'Epicerie Sucrée']",Leader Price,True,False,false,2.0,MONTH,126g,[],https://courses.monoprix.fr/images-v3/0c44253f-c4a3-4340-9d37-d41e42b9d14a/ca5e8fd4-b645-491d-bc5a-6522cd7bdf4b/300x300.jpg
Leader Price,2e662297-ed98-4f6c-b991-c9beaabb3476,MPX_4094462,Leader Price Chair de Tomates Nature 400g,1.48,3.7,"['Leader Price', 'Epicerie Salée']",Leader Price,True,False,false,1.0,YEAR,400g,[],https://courses.monoprix.fr/images-v3/0c44253f-c4a3-4340-9d37-d41e42b9d14a/f593a912-e34f-4aa5-9967-35f1e302c2a1/300x300.jpg
Leader Price,f1bc9990-35b7-4a1e-bc3d-210bd63e1ad5,MPX_4092789,Leader Price Café Pur Arabica Brésil 250g,2.5,10.0,"['Leader Price', 'Epicerie Sucrée']",Leader Price,True,False,false,2.0,MONTH,250g,[],https://courses.monoprix.fr/images-v3/0c44253f-c4a3-4340-9d37-d41e42b9d14a/7de02273-3937-4a8c-a4c5-accbf900ed78/300x300.jpg
Leader Price,7aba51d1-a2e0-4641-bbcf-473095b3f805,MPX_4093137,"Leader Price ""Fruits & Fibres"" Blé Complet et Fruits Secs 500g",2.13,4.26,"['Leader Price', 'Epicerie Sucrée']",Leader Price,True,False,false,2.0,MONTH,500g,[],https://courses.monoprix.fr/images-v3/0c44253f-c4a3-4340-9d37-d41e42b9d14a/142b14d4-9374-4e63-b2f9-f2441ce029bf/300x300.jpg
Leader Price,3034249e-ed02-47b3-b820-638ff300d6cc,MPX_4093073,Leader price génoises pur beurre à l'orange 150g,0.95,6.33,"['Leader Price', 'Epicerie Sucrée']",Leader Price,True,False,false,2.0,MONTH,150g,[],https://courses.monoprix.fr/images-v3/0c44253f-c4a3-4340-9d37-d41e42b9d14a/d9a62aff-8abc-4bad-827d-50618c97cca1/300x300.jpg
Leader Price,e5bd09ed-e310-4c0d-979a-2aae66824736,MPX_4093120,Leader Price Chips à l'Ancienne 6 x 30g,1.63,9.06,"['Epicerie Salée', 'Produit apéritif', 'Chips et Biscuit Apéritif', 'Chips']",Leader Price,True,False,false,1.0,MONTH,180g,[],https://courses.monoprix.fr/images-v3/0c44253f-c4a3-4340-9d37-d41e42b9d14a/3cd414eb-5ff6-4a67-a38a-6a222a18acdd/300x300.jpg
Leader Price,61569fa2-78f9-4e68-b8a8-889d49ce6207,MPX_4092822,Leader Price Infusion Verveine Menthe 35g,0.99,28.29,"['Epicerie Sucrée', 'Café, Thé et Boisson chaude', 'Thé et Infusion', 'Infusion aromatisée']",Leader Price,True,False,false,6.0,MONTH,35g,[],https://courses.monoprix.fr/images-v3/0c44253f-c4a3-4340-9d37-d41e42b9d14a/730a2f58-747f-49d0-8a20-c84d7314092f/300x300.jpg
Leader Price,c421c26a-8953-48f7-b12f-f394ca99c15e,MPX_4043353,Leader Price Terrine au Poulet ou Saumon pour chat 100g,0.58,5.8,"['Leader Price', 'Animaux']",Leader Price,True,False,false,6.0,MONTH,100g,[],https://courses.monoprix.fr/images-v3/0c44253f-c4a3-4340-9d37-d41e42b9d14a/dd140f95-952e-4841-ada5-22c6035db780/300x300.jpg
Leader Price,9e781130-49dc-4d2e-8ea9-5a993f6fdd30,MPX_4093533,Leader Price Tuiles Apéro Goût Crème Oignon 170g,1.21,7.12,"['Epicerie Salée', 'Produit apéritif', 'Chips et Biscuit Apéritif', 'Chips']",Leader Price,True,False,false,2.0,MONTH,170g,[],https://courses.monoprix.fr/images-v3/0c44253f-c4a3-4340-9d37-d41e42b9d14a/cc115dca-4003-4383-908b-7019e6b19870/300x300.jpg
Leader Price,ba035812-723d-4355-ad23-18e437f1f309,MPX_4092820,Leader Price Thé Noir Aromatisé Citron 45g,0.92,20.44,"['Epicerie Sucrée', 'Café, Thé et Boisson chaude', 'Thé et Infusion', 'Thé noir']",Leader Price,True,False,false,6.0,MONTH,45g,[],https://courses.monoprix.fr/images-v3/0c44253f-c4a3-4340-9d37-d41e42b9d14a/27de591e-54c0-4693-ad39-fffca0c241e2/300x300.jpg
Leader Price,b06d9395-b452-45c5-908a-811a239169e0,MPX_4094751,Leader Price Velouté Potiron 1L,1.59,1.59,"['Leader Price', 'Epicerie Salée']",Leader Price,True,False,false,6.0,MONTH,1L,[],https://courses.monoprix.fr/images-v3/0c44253f-c4a3-4340-9d37-d41e42b9d14a/2b0cde27-4eac-453b-a813-29b876a9f5d5/300x300.jpg
Leader Price,66c0ebc8-c2e5-4f17-abdb-b9a6c3e1c4d6,MPX_4078452,Leader Price Trancetto Cacao X10-280g,1.66,5.93,"['Leader Price', 'Epicerie Sucrée']",Leader Price,True,False,false,2.0,MONTH,280g,[],https://courses.monoprix.fr/images-v3/0c44253f-c4a3-4340-9d37-d41e42b9d14a/aa7e9ca7-6a56-4e9e-b7b2-5e385eebb187/300x300.jpg
Leader Price,de82e317-2be0-44b8-9896-ea80ec9ad3c1,MPX_4092168,Leader Price Sel Fin Iodé de Mer 250g,0.45,1.8,"['Leader Price', 'Epicerie Salée']",Leader Price,True,False,false,,,250g,[],https://courses.monoprix.fr/images-v3/0c44253f-c4a3-4340-9d37-d41e42b9d14a/339e7e0c-b243-4455-bf8b-ac203b801171/300x300.jpg
Leader Price,920a2792-02a0-4e9a-b5db-831fbf9c87db,MPX_4093129,"Leader Price Limonade 1,5L",0.78,0.52,"['Leader Price', 'Boissons']",Leader Price,True,False,false,2.0,MONTH,1.5L,[],https://courses.monoprix.fr/images-v3/0c44253f-c4a3-4340-9d37-d41e42b9d14a/ccb36c04-cdb3-416d-9ae4-3771b5507daa/300x300.jpg
Leader Price,f5368171-753b-4795-b963-da89acce849f,MPX_4093123,Leader Price Serviettes Ultra Minces Normal Plus x14,1.47,1.47,"['Leader Price', 'Hygiène et Beauté']",Leader Price,True,False,false,,,,[],https://courses.monoprix.fr/images-v3/0c44253f-c4a3-4340-9d37-d41e42b9d14a/b7e23846-59ef-4e20-8ef7-4843bb6441f7/300x300.jpg
Leader Price,1a090773-7ca5-4f4f-afc4-ecb072a3dad1,MPX_4043351,Leader Price Palmier feuilleté Croustillants 100g,0.69,6.9,"['Leader Price', 'Epicerie Sucrée']",Leader Price,True,False,false,2.0,MONTH,100g,[],https://courses.monoprix.fr/images-v3/0c44253f-c4a3-4340-9d37-d41e42b9d14a/662aaf5d-b04b-443a-92ca-361b05150788/300x300.jpg
Leader Price,b058b02f-94b3-4d08-a285-015f182c1323,MPX_4092578,"Leader Price Vinaigre Balsamique de Modène, 50cl",1.42,2.84,"['Leader Price', 'Epicerie Salée']",Leader Price,True,False,false,,,500ml,[],https://courses.monoprix.fr/images-v3/0c44253f-c4a3-4340-9d37-d41e42b9d14a/8474fa73-40d9-44b4-a21d-dc6d3e28034a/300x300.jpg
Leader Price,2d54f017-8ce7-463c-9028-99c8ab950ee1,MPX_4092119,Leader price muesli croustillant aux chocolats 500g,2.26,4.52,"['Leader Price', 'Epicerie Sucrée']",Leader Price,True,False,false,2.0,MONTH,500g,[],https://courses.monoprix.fr/images-v3/0c44253f-c4a3-4340-9d37-d41e42b9d14a/6a8367ca-93e0-4b52-b915-cc4efd16fee2/300x300.jpg
Leader Price,75044b7c-650e-4180-a8bb-2fe76c39751a,MPX_4092147,Leader Price Biscuit Petit Lait x24 175g,0.74,4.23,"['Leader Price', 'Epicerie Sucrée']",Leader Price,True,False,false,2.0,MONTH,175g,[],https://courses.monoprix.fr/images-v3/0c44253f-c4a3-4340-9d37-d41e42b9d14a/e1004864-bec1-4044-9bd8-2fa87d21ff74/300x300.jpg
Leader Price,beefff06-7e90-4491-8b4b-42db84f202a9,MPX_4092827,Leader Price Moutarde de Dijon 265g,0.86,3.25,"['Leader Price', 'Epicerie Salée']",Leader Price,True,False,false,1.0,MONTH,265g,[],https://courses.monoprix.fr/images-v3/0c44253f-c4a3-4340-9d37-d41e42b9d14a/952ad5dd-48d0-4bf9-81c0-9feda2bf6ec4/300x300.jpg
Leader Price,553e9de1-d732-42ce-8cc3-e671d9f1680e,MPX_4092995,Leader Price Sirop de Pêche 75cl,2.67,3.56,"['Boissons et Lait', 'Jus et Sirop', 'Sirop']",Leader Price,True,False,false,6.0,MONTH,750ml,[],https://courses.monoprix.fr/images-v3/0c44253f-c4a3-4340-9d37-d41e42b9d14a/dfd9737b-488e-4506-ada7-e5ce0d1a2611/300x300.jpg
Leader Price,d63bdc61-f0d3-4634-9cc6-d64daa01fc79,MPX_4093040,"Leader Price Cola Zero 1,5L",0.57,0.38,"['Leader Price', 'Boissons']",Leader Price,True,False,false,2.0,MONTH,1.5L,[],https://courses.monoprix.fr/images-v3/0c44253f-c4a3-4340-9d37-d41e42b9d14a/82148e0e-7b59-43b9-9f1d-a4240350a913/300x300.jpg
Leader Price,ddb0a7ed-727c-4f14-b496-3f4681832c8e,MPX_4093477,Leader Price Bonbons Banane Sachet 200g,0.9,4.5,"['Leader Price', 'Epicerie Sucrée']",Leader Price,True,False,false,6.0,MONTH,200g,[],https://courses.monoprix.fr/images-v3/0c44253f-c4a3-4340-9d37-d41e42b9d14a/8967dd1c-ae0d-4411-a224-5cb344ed5729/300x300.jpg
Leader Price,9722f6ce-9aad-4f0d-b734-be9111020e3e,MPX_4094652,Leader Price Pâte à Tartiner Sans Huile de Palm 400g,1.99,4.98,"['Leader Price', 'Epicerie Sucrée']",Leader Price,True,False,false,6.0,MONTH,400g,[],https://courses.monoprix.fr/images-v3/0c44253f-c4a3-4340-9d37-d41e42b9d14a/00a2635c-959e-4620-8cbd-3de9233ca4ce/300x300.jpg
Leader Price,f3c60365-1b83-4ce0-95df-2d2b6182d625,MPX_4092123,"Leader Price Lemonade Light 1,5L",0.68,0.45,"['Leader Price', 'Boissons']",Leader Price,True,False,false,2.0,MONTH,1.5L,[],https://courses.monoprix.fr/images-v3/0c44253f-c4a3-4340-9d37-d41e42b9d14a/9529814c-2582-4c9f-b101-c3bb07f4c7d2/300x300.jpg
Leader Price,73886be9-f22f-42ec-a1bf-f95429db7f73,MPX_4078772,Leader price sirop de menthe 75cl,1.91,254.67,"['Leader Price', 'Boissons']",Leader Price,True,False,false,6.0,MONTH,0.75cl,[],https://courses.monoprix.fr/images-v3/0c44253f-c4a3-4340-9d37-d41e42b9d14a/fd2da957-8e7a-4322-84e3-72953d36d524/300x300.jpg
Leader Price,5d9c939a-1955-4c66-b060-e6ba443a17e8,MPX_4094166,Leader Price Pur Jus Multi-fruits 2l,3.22,1.61,"['Boissons et Lait', 'Jus et Sirop', 'Jus multifruit']",Leader Price,True,False,false,2.0,MONTH,2L,[],https://courses.monoprix.fr/images-v3/0c44253f-c4a3-4340-9d37-d41e42b9d14a/288e900d-8a6a-4abd-94fa-e33326dcbfaf/300x300.jpg
Leader Price,a5c0eaae-5266-49b7-b6ec-64193b4516ea,MPX_4092501,Leader Price Thé Vert de Chine Sachet x25 50g,1.01,20.2,"['Epicerie Sucrée', 'Café, Thé et Boisson chaude', 'Thé et Infusion', 'Thé vert']",Leader Price,True,False,false,6.0,MONTH,25 x 2g,[],https://courses.monoprix.fr/images-v3/0c44253f-c4a3-4340-9d37-d41e42b9d14a/ec687c35-7ab1-4d55-ae53-5a8a4b9efd89/300x300.jpg
Leader Price,853d4dab-eeaf-4e30-8082-08311f369c90,MPX_4078132,Leader Price Terrine pour Chats en Barquette Riche en Saumon & Truite 100g,0.58,5.8,"['Leader Price', 'Animaux']",Leader Price,True,False,false,6.0,MONTH,100g,[],https://courses.monoprix.fr/images-v3/0c44253f-c4a3-4340-9d37-d41e42b9d14a/963e7407-0052-455e-9cbe-dfd379baab4e/300x300.jpg
Leader Price,20ca37f8-b1dd-4494-a475-eb18237e7c98,MPX_4092735,Leader Price Pomme et Cassis à l'Eau de Source 2l,1.85,0.93,"['Boissons et Lait', 'Eau', 'Eau aromatisée plate']",Leader Price,True,False,false,1.0,MONTH,2L,[],https://courses.monoprix.fr/images-v3/0c44253f-c4a3-4340-9d37-d41e42b9d14a/cc6158e7-81b5-4e50-b635-cc0e1da0c4e5/300x300.jpg
Leader Price,fe6c0d29-2871-4e38-8a0f-c77e8af58128,MPX_4092795,Leader Price café folie noire classique pur arabica 36 dosettes,2.62,10.48,"['Leader Price', 'Epicerie Sucrée']",Leader Price,True,False,false,2.0,MONTH,250g,[],https://courses.monoprix.fr/images-v3/0c44253f-c4a3-4340-9d37-d41e42b9d14a/d0c3da22-5698-4c51-a832-5f2a11402125/300x300.jpg
Leader Price,b34199d5-b9a7-4a15-86fc-e39402795533,MPX_4092778,Leader price royal biscuit goût vanille 330g,0.96,2.91,"['Leader Price', 'Epicerie Sucrée']",Leader Price,True,False,false,2.0,MONTH,330g,[],https://courses.monoprix.fr/images-v3/0c44253f-c4a3-4340-9d37-d41e42b9d14a/b53a9770-6157-4e25-ba93-014a96ebbff8/300x300.jpg
Leader Price,ef3018e1-de7e-437f-9955-27d199fbe496,MPX_4094523,Leader Price Chips Nature 350g,1.86,5.31,"['Leader Price', 'Epicerie Salée']",Leader Price,True,False,false,1.0,MONTH,350g,[],https://courses.monoprix.fr/images-v3/0c44253f-c4a3-4340-9d37-d41e42b9d14a/452e240d-6245-4783-b973-02e559706745/300x300.jpg
Leader Price,1319c100-5d5d-40df-b77c-095af171fd9a,MPX_4092120,Leader Price Sirop de Fraise 75cl,2.73,3.64,"['Leader Price', 'Boissons']",Leader Price,True,False,false,6.0,MONTH,75cl,[],https://courses.monoprix.fr/images-v3/0c44253f-c4a3-4340-9d37-d41e42b9d14a/2f0f5ad9-6f82-4a26-b096-0a8768409879/300x300.jpg
Leader Price,dac3bfa7-2d1f-476a-a1e0-bebf63e7eff1,MPX_4093278,"Leader Price Cola 1,5L",0.79,0.53,"['Leader Price', 'Boissons']",Leader Price,True,False,false,2.0,MONTH,1.5L,[],https://courses.monoprix.fr/images-v3/0c44253f-c4a3-4340-9d37-d41e42b9d14a/ab79741c-1df5-47de-8fe7-5078dbb047c2/300x300.jpg
Leader Price,32e3ba78-0360-44fc-9396-f7a5f50ad3da,MPX_4043376,Leader Price Boisson Thé Pèche 2L,1.54,0.77,"['Leader Price', 'Boissons']",Leader Price,True,False,false,1.0,MONTH,2L,[],https://courses.monoprix.fr/images-v3/0c44253f-c4a3-4340-9d37-d41e42b9d14a/5a44e318-9c25-433f-9665-58d3dcdad07a/300x300.jpg
Leader Price,5cb73271-a45c-4749-adbb-64a7f17fb964,MPX_4093085,Leader Price Macaroni 1kg,2.21,2.21,"['Leader Price', 'Epicerie Salée']",Leader Price,True,False,false,1.0,YEAR,1kg,[],https://courses.monoprix.fr/images-v3/0c44253f-c4a3-4340-9d37-d41e42b9d14a/5b169979-52f2-4fd2-8bb0-b774d6b63027/300x300.jpg
Leader Price,5996fc76-d8f7-4758-8b23-1811d9756a62,MPX_4092670,Leader Price Dosettes de Café Pur Arabica Folie Noire Doux x36 250g,2.74,10.96,"['Leader Price', 'Epicerie Sucrée']",Leader Price,True,False,false,2.0,MONTH,250g,[],https://courses.monoprix.fr/images-v3/0c44253f-c4a3-4340-9d37-d41e42b9d14a/0768b56b-48d1-4f65-bd16-a8acae7e0e2f/300x300.jpg
Leader Price,5e09c4a2-ea19-4b60-8ddf-89b29a6db4d9,MPX_4093520,Leader Price Boisson à l'Orange et à l'eau de Source 2l,1.33,0.67,"['Leader Price', 'Boissons']",Leader Price,True,False,false,2.0,MONTH,2L,[],https://courses.monoprix.fr/images-v3/0c44253f-c4a3-4340-9d37-d41e42b9d14a/d38f527f-13e3-4193-9074-eac7f6d85c1c/300x300.jpg
Leader Price,77a1f75f-f7e4-4e45-a796-65971f148cd1,MPX_4093452,Leader Price Boisson à l'Eau de Source Saveur Exotique 2 L,1.46,0.73,"['Leader Price', 'Boissons']",Leader Price,True,False,false,1.0,MONTH,2L,[],https://courses.monoprix.fr/images-v3/0c44253f-c4a3-4340-9d37-d41e42b9d14a/0d4f1fa5-9a3a-4e73-a664-83174b8117ce/300x300.jpg
Leader Price,790f55b2-03cf-410a-be46-b88e4fa982a9,MPX_4093106,Leader Price Mouchoirs Blancs Dans Une Boite En Cube,1.19,0.02,"['Leader Price', 'Hygiène et Beauté']",Leader Price,True,False,false,,,70 par pack,[],https://courses.monoprix.fr/images-v3/0c44253f-c4a3-4340-9d37-d41e42b9d14a/3a6882f5-35cd-42b4-8526-73203a5c8a6b/300x300.jpg
Leader Price,49be6529-e7c4-4bef-bb49-1428c160398c,MPX_4092839,Leader Price Change Bébé Junior 11-25kg Qualité Premium Paquet x44,9.19,0.21,"['Leader Price', 'Bébé']",Leader Price,True,False,false,1.0,YEAR,44 par pack,[],https://courses.monoprix.fr/images-v3/0c44253f-c4a3-4340-9d37-d41e42b9d14a/c54b67d5-6554-46d3-8fff-c0466a4aaa6a/300x300.jpg
"Maison, Loisirs et Textile",2970a137-1d71-436f-8be8-bf9547f85793,MPX_6564093,Monoprix – Le guide alimentaire de Noël,0.0,0.0,"['Nos sélections', 'Nouveau sur le site', 'Textile, Maison et Loisirs']",Monoprix,True,False,false,,,,[],https://courses.monoprix.fr/images-v3/0c44253f-c4a3-4340-9d37-d41e42b9d14a/75b6e4e3-cd0b-4f41-b714-c33ccaf4b802/300x300.jpg
"Maison, Loisirs et Textile",02cc5833-746e-4b67-ab65-d57cc92586fe,MPX_1756619,Vahiné Bougies effilées design x10,2.69,0.27,"['Maison, Loisirs et Textile', ""Chambre d'enfant et Jouets"", 'Anniversaires', ""Bougies d'anniversaire""]",Vahiné,True,False,false,6.0,MONTH,10 par pack,[],https://courses.monoprix.fr/images-v3/0c44253f-c4a3-4340-9d37-d41e42b9d14a/2927afe7-158a-486f-8818-3fee4731a29e/300x300.jpg
"Maison, Loisirs et Textile",37d084d3-6acf-4da4-ac30-0cb7b36fb291,MPX_3705533,Sylvanians Family Sachet Surprise Bébé Sylvanians - Modèle Aléatoire,5.99,5.99,"['Noël', 'Jouets de Noël', 'Mini univers et Figurines']",SYLVANIAN FAMILIES ,True,False,false,6.0,MONTH,,[],https://courses.monoprix.fr/images-v3/0c44253f-c4a3-4340-9d37-d41e42b9d14a/929dc07b-7361-4a77-8add-6b34b9269a50/300x300.jpg
"Maison, Loisirs et Textile",9dd493cb-b0ef-4923-86b9-40f767c4fbcd,MPX_1788583,"Monoprix Vert Serviettes Double Épaisseur, Recyclables X50",1.75,0.04,"['Mes marques Monoprix', 'Monoprix Maison', 'Vaisselle jetable', 'Serviettes et Nappes']",MONOPRIX,True,False,false,,,50 par pack,[],https://courses.monoprix.fr/images-v3/0c44253f-c4a3-4340-9d37-d41e42b9d14a/73115d47-849a-412c-bb9a-589866bfff07/300x300.jpg
"Maison, Loisirs et Textile",a94b1eef-04de-449c-8a22-7c29bdaf6892,MPX_3442828,"Monoprix Maison 50 Serviettes Blanches, 40X40Cm",3.99,3.99,"['Mes marques Monoprix', 'Monoprix Maison', 'Vaisselle jetable', 'Serviettes et Nappes']",MONOPRIX,True,False,false,,,,[],https://courses.monoprix.fr/images-v3/0c44253f-c4a3-4340-9d37-d41e42b9d14a/f2a37c6f-766d-499f-9b2f-c2c48981377f/300x300.jpg
"Maison, Loisirs et Textile",8e9a715b-3bf9-41ce-811f-8f8479f0df1d,MPX_2775221,"Clairefontaine Ramette De Papier, Format A4, 80Gr/M² 500 feuilles",7.6,0.02,"['Maison, Loisirs et Textile', 'Salon et Bureau', 'Papeterie et Fournitures scolaires', 'Cahiers, Carnets et Blocs']",Clairefontaine,True,False,false,,,500 x 1 par pack,[],https://courses.monoprix.fr/images-v3/0c44253f-c4a3-4340-9d37-d41e42b9d14a/a8539723-f1c4-4083-ba82-099c55602b57/300x300.jpg
"Maison, Loisirs et Textile",1aab475e-25d3-485f-befd-c448a36ef8e5,MPX_3684067,Clairefontaine Ramette De Papier -Feuilles Blanc A4 - 60G,5.5,5.5,"['Maison, Loisirs et Textile', 'Salon et Bureau', 'Papeterie et Fournitures scolaires', 'Cahiers, Carnets et Blocs']",CLAIREFONTAINE,True,False,false,,,,[],https://courses.monoprix.fr/images-v3/0c44253f-c4a3-4340-9d37-d41e42b9d14a/6810637a-8143-4648-b1e1-fc342c2f12c6/300x300.jpg
"Maison, Loisirs et Textile",c10b4782-1960-4445-94cc-e9b4aa08190b,MPX_5847101,Energizer Max Pile Alcalines Energizer Max Aa/Lr6 x10,11.5,1.15,"['Maison, Loisirs et Textile', 'Piles et Ampoules', 'Piles', 'LR06 - AA']",Energizer,True,False,false,6.0,MONTH,10 par pack,[],https://courses.monoprix.fr/images-v3/0c44253f-c4a3-4340-9d37-d41e42b9d14a/4eb33935-cee5-49b1-a89f-363c87d319bf/300x300.jpg
"Maison, Loisirs et Textile",b915d5e5-4691-4604-a5bb-6dc2cb4e7c27,MPX_4198804,"Piles Alcalines Aaa Duracell Plus, 1.5V Lr03 Mn2400, Paquet De 8",11.5,1.44,"['Maison, Loisirs et Textile', 'Piles et Ampoules', 'Piles', 'LR03 - AAA']",Duracell,True,False,false,1.0,YEAR,8 par pack,[],https://courses.monoprix.fr/images-v3/0c44253f-c4a3-4340-9d37-d41e42b9d14a/b66785f7-b1d5-4271-9470-8fa56074f3df/300x300.jpg
"Maison, Loisirs et Textile",d8d5cf72-4921-404b-8313-71494e3a74b0,MPX_2865061,"Monoprix Maison Bougies Chauffe Plat Non Parfumées X50, Blanc",3.99,0.08,"['Entretien & Nettoyage', 'Désodorisant et Insecticide', 'Désodorisant', 'Bougie']",Monoprix,True,False,false,,,50 par pack,[],https://courses.monoprix.fr/images-v3/0c44253f-c4a3-4340-9d37-d41e42b9d14a/ce2622c5-b506-4709-8e6c-78148ef9fe92/300x300.jpg
"Maison, Loisirs et Textile",4b5b3cd2-0b9a-4086-9254-faab3e03f4e6,MPX_2712298,Monoprix Pics À Cocktails En Bois x2,2.5,1.25,"['Mes marques Monoprix', 'Monoprix Maison', 'Ustensiles de cuisine', 'Accessoires et Ustensiles']",Monoprix,True,False,false,,,2 par pack,[],https://courses.monoprix.fr/images-v3/0c44253f-c4a3-4340-9d37-d41e42b9d14a/2379bc18-40c1-4095-85c1-3853da04b033/300x300.jpg
"Maison, Loisirs et Textile",d0a381bd-e253-456f-b43e-cc1add0b45ed,MPX_3032392,"Monoprix 50 Serviettes Double Épaisseur, Vert, 33X33Cm",2.99,2.99,"['Mes marques Monoprix', 'Monoprix Maison', 'Vaisselle jetable', 'Serviettes et Nappes']",MONOPRIX,True,False,false,,,,[],https://courses.monoprix.fr/images-v3/0c44253f-c4a3-4340-9d37-d41e42b9d14a/243a703b-5d15-418f-bec0-7aab9a44abcc/300x300.jpg
"Maison, Loisirs et Textile",b2b19462-7a84-4026-bc88-eb5f86d06e32,MPX_1848616,Tipp-Ex Rubans Correcteurs Mini Pocket Mouse x2,4.7,2.35,"['Maison, Loisirs et Textile', ""Chambre d'enfant et Jouets"", 'Papeterie et Fournitures scolaires', 'Stylos, Crayons et Correction']",Tipp-ex,True,False,false,,,2 par pack,[],https://courses.monoprix.fr/images-v3/0c44253f-c4a3-4340-9d37-d41e42b9d14a/6d7e68f8-1a45-4ffb-9048-be38dfba506d/300x300.jpg
"Maison, Loisirs et Textile",6ad0dd86-fb02-4a73-98e2-d52394bf5a5f,MPX_645704,Acide Chlorhydrique 1 L Onyx Bricolage,3.49,3.49,"['Maison, Loisirs et Textile', 'Atelier Bricolage', 'Divers Bricolage']",ONYX BRICOLAGE,True,False,false,1.0,YEAR,,[],https://courses.monoprix.fr/images-v3/0c44253f-c4a3-4340-9d37-d41e42b9d14a/6b550294-a1c9-43ff-a977-0a0548d6f0fc/300x300.jpg
"Maison, Loisirs et Textile",01232a6a-3680-49d3-9aaa-3b7953459161,MPX_4198772,"Piles Alcalines Aa Duracell Plus, 1,5V Lr6 Mn1500, Paquet De 8",11.5,1.44,"['Maison, Loisirs et Textile', 'Piles et Ampoules', 'Piles', 'LR06 - AA']",Duracell,True,False,false,1.0,YEAR,8 par pack,[],https://courses.monoprix.fr/images-v3/0c44253f-c4a3-4340-9d37-d41e42b9d14a/07e3d61e-bb28-4bd6-9db2-5d2eaf7d4b90/300x300.jpg
"Maison, Loisirs et Textile",a1bc1f8d-27fa-4931-bda0-338ca862cdfd,MPX_2587450,"Monoprix Maison 50 Serviettes Double Épaisseur, Bleu Nuit, 33X33Cm",2.99,2.99,"['Mes marques Monoprix', 'Monoprix Maison', 'Vaisselle jetable', 'Serviettes et Nappes']",MONOPRIX,True,False,false,,,,[],https://courses.monoprix.fr/images-v3/0c44253f-c4a3-4340-9d37-d41e42b9d14a/f19ab00d-2b63-4a04-b150-34e1badd78e6/300x300.jpg
"Maison, Loisirs et Textile",6a80b3c4-2c8c-4daf-9601-90bfebe930a1,MPX_93931,Monoprix Maison 100 Assiettes Blanches,6.99,6.99,"['Mes marques Monoprix', 'Monoprix Maison', 'Vaisselle jetable', 'Assiettes et Bols']",MONOPRIX,True,False,false,,,,[],https://courses.monoprix.fr/images-v3/0c44253f-c4a3-4340-9d37-d41e42b9d14a/edc871c2-6a1f-44d1-8f2e-fce3e08e1de7/300x300.jpg
"Maison, Loisirs et Textile",9b0189a8-3f18-4b71-9802-e1d85dba4195,MPX_4198746,"Duracell Piles Alcalines Aa Extra Life 1,5V Lr6 x4",6.29,1.57,"['Maison, Loisirs et Textile', 'Piles et Ampoules', 'Piles', 'LR06 - AA']",Duracell,True,False,false,1.0,YEAR,4 par pack,[],https://courses.monoprix.fr/images-v3/0c44253f-c4a3-4340-9d37-d41e42b9d14a/67e87a4d-3854-4325-99a8-6358a92b31a6/300x300.jpg
"Maison, Loisirs et Textile",25083842-a5eb-4b52-bd3f-bc11196ec467,MPX_1038956,"Monoprix Maison 20 Serviettes Jetables Triple Épaisseur Rouges, 40 X 40Cm",2.99,2.99,"['Mes marques Monoprix', 'Monoprix Maison', 'Vaisselle jetable', 'Serviettes et Nappes']",MONOPRIX,True,False,false,,,,[],https://courses.monoprix.fr/images-v3/0c44253f-c4a3-4340-9d37-d41e42b9d14a/51f3eadd-b4f6-4718-8c39-22cc873a9089/300x300.jpg
"Maison, Loisirs et Textile",248c1dc1-0fae-45bc-a3b5-80ac8a5c3a92,MPX_1468096,"Monoprix Maison Serviettes Double Épaisseur Rouges X50, 33X33Cm",2.99,0.06,"['Mes marques Monoprix', 'Monoprix Maison', 'Vaisselle jetable', 'Serviettes et Nappes']",MONOPRIX,True,False,false,,,50 par pack,[],https://courses.monoprix.fr/images-v3/0c44253f-c4a3-4340-9d37-d41e42b9d14a/cebb9257-dfcf-4d52-97ca-5231e95baab9/300x300.jpg
"Maison, Loisirs et Textile",bc67808a-14a6-49b4-b678-022f004eace2,MPX_3443880,"Monoprix Maison 12 Assiettes En Carton, Blanc, 29Cm",5.5,5.5,"['Mes marques Monoprix', 'Monoprix Maison', 'Vaisselle jetable', 'Assiettes et Bols']",MONOPRIX,True,False,false,,,,[],https://courses.monoprix.fr/images-v3/0c44253f-c4a3-4340-9d37-d41e42b9d14a/f8a01b2d-5814-4542-aa44-950c31ef4a9f/300x300.jpg
"Maison, Loisirs et Textile",ddfbdee3-2477-4367-8fc8-a461feed1bfb,MPX_3011339,Scotch Ruban D'Emballage 50 Mètres,4.6,4.6,"['Maison, Loisirs et Textile', 'Salon et Bureau', 'Papeterie et Fournitures scolaires', 'Colles, Adhésifs et Agrafes']",Scotch®,True,False,false,,,,[],https://courses.monoprix.fr/images-v3/0c44253f-c4a3-4340-9d37-d41e42b9d14a/4e37619a-5b2c-4600-b5b5-e98d018b3b6c/300x300.jpg
"Maison, Loisirs et Textile",dbbebfb2-5ca0-46ac-b537-736f4c8adee8,MPX_2204905,Monoprix Bougie Non Parfumée,3.99,3.99,"['Mes marques Monoprix', 'Monoprix Maison', 'Décoration', 'Bougies et Allumettes']",Monoprix,True,False,false,,,,[],https://courses.monoprix.fr/images-v3/0c44253f-c4a3-4340-9d37-d41e42b9d14a/5d1ad342-5aec-470b-87ab-9c02a4e1e1a7/300x300.jpg
"Maison, Loisirs et Textile",c6b38a0a-feb7-41b1-a937-b8747b4c47c7,MPX_3342594,"Braun Lot De 20 Serviettes Dorées, 33x33cm",2.99,2.99,"['Maison, Loisirs et Textile', 'Vaisselle et ustensiles de cuisine', 'Vaisselle jetable', 'Serviettes en papier']",ATELIER,True,False,false,1.0,YEAR,,[],https://courses.monoprix.fr/images-v3/0c44253f-c4a3-4340-9d37-d41e42b9d14a/104fc47c-acf7-49a3-99e3-73db2733b3df/300x300.jpg
"Maison, Loisirs et Textile",301d3813-26fd-4d85-8dd2-edad9e46c358,MPX_887247,Monoprix Bougie Fumeur,3.99,3.99,"['Mes marques Monoprix', 'Monoprix Maison', 'Décoration', 'Bougies et Allumettes']",Monoprix,True,False,false,,,,[],https://courses.monoprix.fr/images-v3/0c44253f-c4a3-4340-9d37-d41e42b9d14a/8cc9bf35-081b-43cb-a2eb-1a3b2bea98a5/300x300.jpg
"Maison, Loisirs et Textile",926f4433-fbce-4e3b-abda-9a4918afd0e1,MPX_2337254,"Monoprix Maison Bougies Non Parfumées X10, Ivoire",4.99,0.5,"['Entretien & Nettoyage', 'Désodorisant et Insecticide', 'Désodorisant', 'Bougie']",Monoprix,True,False,false,,,10 par pack,[],https://courses.monoprix.fr/images-v3/0c44253f-c4a3-4340-9d37-d41e42b9d14a/a6b36009-d09c-4858-9b26-67c93b75af4e/300x300.jpg
"Maison, Loisirs et Textile",8aa5e1e3-16ae-43aa-aa56-9bb29f51048b,MPX_2063258,"Monoprix Maison 50 Serviettes Double Épaisseur, Prune, 33X33Cm",2.99,2.99,"['Mes marques Monoprix', 'Monoprix Maison', 'Vaisselle jetable', 'Serviettes et Nappes']",MONOPRIX,True,False,false,,,,[],https://courses.monoprix.fr/images-v3/0c44253f-c4a3-4340-9d37-d41e42b9d14a/4b8f2b65-6a5e-46ff-8141-5db85cc65243/300x300.jpg
"Maison, Loisirs et Textile",324fb660-4bef-4958-89b2-ec5a9f6da2d9,MPX_3705535,Monoprix Maison Ruban Adhésif D'Emballage,2.3,2.3,"['Mes marques Monoprix', 'Monoprix Maison', 'Papeterie', 'Fournitures scolaires et Bureau']",MONOPRIX,True,False,false,,,,[],https://courses.monoprix.fr/images-v3/0c44253f-c4a3-4340-9d37-d41e42b9d14a/2bc7254b-863b-48d2-b2e7-bb57e19ee443/300x300.jpg
"Maison, Loisirs et Textile",77c1ccbd-0011-4f48-abf3-ed71fdc63c91,MPX_1256439,Energizer Piles Cr2032 Lithium 3 Volts X2,6.49,3.25,"['Maison, Loisirs et Textile', 'Piles et Ampoules', 'Piles', 'Autres piles']",Energizer,True,False,false,1.0,YEAR,2 par pack,[],https://courses.monoprix.fr/images-v3/0c44253f-c4a3-4340-9d37-d41e42b9d14a/bd34a4c6-1b13-4a2a-9646-206b296654bf/300x300.jpg
"Maison, Loisirs et Textile",d21e15bf-2c8e-4e91-9de9-1e41d462a6e3,MPX_2639271,Energizer Piles Lr03/Aaa Alkaline Power,6.29,6.29,"['Maison, Loisirs et Textile', 'Piles et Ampoules', 'Piles', 'LR03 - AAA']",Energizer,True,False,false,1.0,YEAR,,[],https://courses.monoprix.fr/images-v3/0c44253f-c4a3-4340-9d37-d41e42b9d14a/1c36ac9a-fd0e-44c9-ad7f-5ad0d013fa44/300x300.jpg
"Maison, Loisirs et Textile",84790cb7-452b-4b26-90ad-c765271d3f50,MPX_2650468,"Clairefontaine Ramette De Papier, Blanc, A4, 80Gr/M², 50% De Fibres Recyclées Et 50% De Fibres Certifiées Pefc",7.5,7.5,"['Maison, Loisirs et Textile', 'Salon et Bureau', 'Papeterie et Fournitures scolaires', 'Cahiers, Carnets et Blocs']",CLAIREFONTAINE,True,False,false,,,,[],https://courses.monoprix.fr/images-v3/0c44253f-c4a3-4340-9d37-d41e42b9d14a/3cafbd1f-9f0a-4577-bdfa-7090a27e0f9a/300x300.jpg
"Maison, Loisirs et Textile",233f7d41-c23d-4e7e-8872-a5f9bf85f1f1,MPX_3476614,"Braun 20 Serviettes, Pétrole, 33X33Cm",3.5,3.5,"['Maison, Loisirs et Textile', 'Vaisselle et ustensiles de cuisine', 'Vaisselle jetable', 'Serviettes en papier']",AVANT GARDE,True,False,false,1.0,YEAR,,[],https://courses.monoprix.fr/images-v3/0c44253f-c4a3-4340-9d37-d41e42b9d14a/c503915e-e444-4234-b04b-27c111e99638/300x300.jpg
"Maison, Loisirs et Textile",7ed9a068-f7c4-43ec-a0fc-fc16012b9e17,MPX_3562440,Monoprix Pailles En Papier Kraft x20,3.5,0.18,"['Mes marques Monoprix', 'Monoprix Maison', 'Ustensiles de cuisine', 'Accessoires et Ustensiles']",MONOPRIX,True,False,false,,,20 par pack,[],https://courses.monoprix.fr/images-v3/0c44253f-c4a3-4340-9d37-d41e42b9d14a/6c2bdbf5-6ebe-4ba3-9a3f-f433fe8f209b/300x300.jpg
"Maison, Loisirs et Textile",1973a319-1d01-49a7-b859-795e15ae7897,MPX_3550646,"Monoprix Maison 20 Serviettes, 33X33Cm",3.5,3.5,"['Mes marques Monoprix', 'Monoprix Maison', 'Vaisselle jetable', 'Serviettes et Nappes']",MONOPRIX,True,False,false,,,,[],https://courses.monoprix.fr/images-v3/0c44253f-c4a3-4340-9d37-d41e42b9d14a/e0de225b-7e8f-49ff-93ce-b41cdc64e6fa/300x300.jpg
"Maison, Loisirs et Textile",6a828595-f6d4-406a-ae10-0b9401278e49,MPX_4198745,"Duracell Plus Piles Alcalines Aa 1,5V Lr6 Mn1500 100% Extra Life Paquet De 6",9.09,9.09,"['Maison, Loisirs et Textile', 'Piles et Ampoules', 'Piles', 'LR06 - AA']",Duracell,True,False,false,1.0,YEAR,,[],https://courses.monoprix.fr/images-v3/0c44253f-c4a3-4340-9d37-d41e42b9d14a/33a95f7f-ea8d-4b3a-a61e-4130f7619252/300x300.jpg
"Maison, Loisirs et Textile",ff0e9aa8-d843-4aaa-aac3-dfccab796b2e,MPX_2639270,Energizer 4 Piles Lr03/Aaa Alkaline Power,4.99,4.99,"['Maison, Loisirs et Textile', 'Piles et Ampoules', 'Piles', 'LR03 - AAA']",Energizer,True,False,false,1.0,YEAR,,[],https://courses.monoprix.fr/images-v3/0c44253f-c4a3-4340-9d37-d41e42b9d14a/7a428345-b9fa-4858-bfee-a6317bdb31e9/300x300.jpg
"Maison, Loisirs et Textile",74355bd9-1758-4ec1-a6c6-4f9e2b603885,MPX_3671042,Scotch Ruban adhésif invisible avec dévidoir en Plastique Recyclé 20m,4.4,4.4,"['Maison, Loisirs et Textile', 'Salon et Bureau', 'Papeterie et Fournitures scolaires', 'Colles, Adhésifs et Agrafes']",Scotch®,True,False,false,,,,[],https://courses.monoprix.fr/images-v3/0c44253f-c4a3-4340-9d37-d41e42b9d14a/c2b5afbb-de63-42d4-b8a8-124f19368fdc/300x300.jpg
"Maison, Loisirs et Textile",064c28a1-b77c-49cd-b679-fc9dd2633b94,MPX_3694351,Kim'Play Jeux de bulles de savon 60ml,0.99,0.99,"['Noël', 'Jouets de Noël', ""Sport et Jeux d'extérieur""]",Kim'Play,True,False,false,,,,[],https://courses.monoprix.fr/images-v3/0c44253f-c4a3-4340-9d37-d41e42b9d14a/abba4284-f218-467f-87fd-9bf1df445320/300x300.jpg
"Maison, Loisirs et Textile",eb52e6bd-f1c4-4a3d-a972-7e0c1aefe181,MPX_1172873,"Uhu 2 Bâtons De Colle Stic De 8,2Gr",3.6,3.6,"['Maison, Loisirs et Textile', 'Salon et Bureau', 'Papeterie et Fournitures scolaires', 'Colles, Adhésifs et Agrafes']",Uhu,True,False,false,,,,[],https://courses.monoprix.fr/images-v3/0c44253f-c4a3-4340-9d37-d41e42b9d14a/4cdacb59-f096-49b0-8593-931332a70f05/300x300.jpg
"Maison, Loisirs et Textile",eedc72d6-0ee6-4e67-86f3-066c77ad21b6,MPX_3671098,"Uhu 4 Tubes De Colle, 8,2Gr - Renature",6.1,1.53,"['Maison, Loisirs et Textile', 'Salon et Bureau', 'Papeterie et Fournitures scolaires', 'Colles, Adhésifs et Agrafes']",UHU,True,False,false,,,4 x 1 par pack,[],https://courses.monoprix.fr/images-v3/0c44253f-c4a3-4340-9d37-d41e42b9d14a/bcf694f4-ea10-450f-b757-164d7a845583/300x300.jpg
"Maison, Loisirs et Textile",cdfe2211-7ae7-4dfc-b58d-c67a37a53223,MPX_1345807,"Gpv 5 Enveloppes Kraft Avec Soufflet De 3 Cm, 26X33Cm",5.99,5.99,"['Maison, Loisirs et Textile', 'Salon et Bureau', 'Papeterie et Fournitures scolaires', 'Enveloppes et Cartes']",GPV Pack'n Post,True,False,false,,,,[],https://courses.monoprix.fr/images-v3/0c44253f-c4a3-4340-9d37-d41e42b9d14a/d58ca981-70d3-4267-a7c3-0406d6bf1a20/300x300.jpg
"Maison, Loisirs et Textile",772a7d4a-1148-4435-b6ea-eb47199a8f18,MPX_1908935,Loctite Colle Super Glue-3 Cyano Précision,7.2,7.2,"['Maison, Loisirs et Textile', 'Atelier Bricolage', 'Colles fortes']",Loctite,True,False,false,,,,[],https://courses.monoprix.fr/images-v3/0c44253f-c4a3-4340-9d37-d41e42b9d14a/1bba8c30-216f-4dc2-a780-f4e541251418/300x300.jpg
"Maison, Loisirs et Textile",ff8d6e79-e41d-4a42-9e66-947efa57727c,MPX_1821903,DIM Collant Body Touch Opaque Noir - T2,11.99,11.99,"['Maison, Loisirs et Textile', 'Basiques Textile', 'Femme - Collants', 'Opaque']",DIM,True,False,false,,,,[],https://courses.monoprix.fr/images-v3/0c44253f-c4a3-4340-9d37-d41e42b9d14a/ed1d46b9-1d56-4f9b-97a1-d8202fd23516/300x300.jpg
"Maison, Loisirs et Textile",970e2298-d118-48d7-9126-6949ed098fc7,MPX_2441294,Monoprix Correcteur Liquide,1.8,1.8,"['Mes marques Monoprix', 'Monoprix Maison', 'Papeterie', 'Ecriture et Correction']",MONOPRIX,True,False,false,,,,[],https://courses.monoprix.fr/images-v3/0c44253f-c4a3-4340-9d37-d41e42b9d14a/d7ea75e2-66c3-4e43-a2ff-e586f7b3f925/300x300.jpg
"Maison, Loisirs et Textile",9369a8ea-4a60-4416-a3a6-9e0dfada6af6,MPX_3291619,"Monoprix Maison 15 Pochettes Kraft 16,2x22,9cm",3.2,3.2,"['Mes marques Monoprix', 'Monoprix Maison', 'Papeterie', 'Correspondance']",MONOPRIX,True,False,false,,,,[],https://courses.monoprix.fr/images-v3/0c44253f-c4a3-4340-9d37-d41e42b9d14a/1315ba54-b55d-494f-be07-abda2eb82dc2/300x300.jpg
"Maison, Loisirs et Textile",2a6864cb-9154-4c7b-84b6-d47c90516ec2,MPX_1847947,Uhu Pâte À Fixer Blanche x80,3.8,0.05,"['Maison, Loisirs et Textile', ""Chambre d'enfant et Jouets"", 'Papeterie et Fournitures scolaires', 'Colles, Adhésifs et Agrafes']",Uhu,True,False,false,,,80 par pack,[],https://courses.monoprix.fr/images-v3/0c44253f-c4a3-4340-9d37-d41e42b9d14a/594cd7f8-7e49-4612-8d6d-538e50cb3c21/300x300.jpg
"Maison, Loisirs et Textile",fa127df2-c5fa-4d7f-8873-806686bb20a6,MPX_3729265,Monoprix Maison Bougie Chiffre 3,3.99,3.99,"['Mes marques Monoprix', 'Monoprix Maison', 'Jouets', 'Anniversaire']",Monoprix,True,False,false,,,,[],https://courses.monoprix.fr/images-v3/0c44253f-c4a3-4340-9d37-d41e42b9d14a/4193092e-88f7-46b1-b725-05bb1482c9e1/300x300.jpg
"Maison, Loisirs et Textile",bc6b153b-06a6-4671-a486-c67f39f831f8,MPX_1977404,"Exacompta Classeur À Levier A4, Dos 7Cm",4.5,4.5,"['Maison, Loisirs et Textile', 'Salon et Bureau', 'Papeterie et Fournitures scolaires', 'Classement et Rangements']",EXACOMPTA,True,False,false,,,,[],https://courses.monoprix.fr/images-v3/0c44253f-c4a3-4340-9d37-d41e42b9d14a/365abb84-3a25-4baf-b980-6df53164fd94/300x300.jpg
"Maison, Loisirs et Textile",b72f724f-8c9c-4e85-a6b7-0214a63cc4b0,MPX_3034133,"Monoprix Maison Eplucheur, Manche Plastique Noir",4.99,4.99,"['Maison, Loisirs et Textile', 'Vaisselle et ustensiles de cuisine', 'Ustensiles et Rangements', 'Autres ustensiles']",NOGENT,True,False,false,,,,[],https://courses.monoprix.fr/images-v3/0c44253f-c4a3-4340-9d37-d41e42b9d14a/3069fe42-d98d-45b8-b1e2-47e0032cb9e2/300x300.jpg
"Maison, Loisirs et Textile",ce420e9d-8f3a-4713-a4fa-d110e45505c7,MPX_2712319,Monoprix Maison Casse Noix,6.5,6.5,"['Mes marques Monoprix', 'Monoprix Maison', 'Ustensiles de cuisine', 'Accessoires et Ustensiles']",Monoprix Maison,True,False,false,,,,[],https://courses.monoprix.fr/images-v3/0c44253f-c4a3-4340-9d37-d41e42b9d14a/8e15a49c-1fc8-4575-a838-e6607ad24887/300x300.jpg
"Maison, Loisirs et Textile",b56c6349-19fb-40c7-94b9-c62c2df392e4,MPX_3032803,"Françoise Paviot 20 Serviettes Perroquet Turquoise, 40X40Cm",6.99,6.99,"['Maison, Loisirs et Textile', 'Vaisselle et ustensiles de cuisine', 'Vaisselle jetable', 'Serviettes en papier']",FRANCOISE PAVIOT,True,False,false,,,,[],https://courses.monoprix.fr/images-v3/0c44253f-c4a3-4340-9d37-d41e42b9d14a/ab7e22d2-f20d-4723-ab34-44974645c0de/300x300.jpg
"Maison, Loisirs et Textile",7c059ad9-b231-4f52-b642-e0a4f7808eb9,MPX_3232071,"Paper Mate 5 Feutres Flair, Encre Noire",7.2,7.2,"['Maison, Loisirs et Textile', 'Salon et Bureau', 'Papeterie et Fournitures scolaires', 'Dessin et Peinture']",PAPERMATE,True,False,false,,,,[],https://courses.monoprix.fr/images-v3/0c44253f-c4a3-4340-9d37-d41e42b9d14a/a439cce2-309b-4f07-9809-23a25df4e6bd/300x300.jpg
"Maison, Loisirs et Textile",5c7bd418-1e40-4e4e-903b-21d1f2df7a0d,MPX_3034132,"Monoprix Maison Couteau Office, Bois Noir",7.99,7.99,"['Maison, Loisirs et Textile', 'Vaisselle et ustensiles de cuisine', 'Arts de la table et Vaisselle', 'Couverts']",NOGENT,True,False,false,,,,[],https://courses.monoprix.fr/images-v3/0c44253f-c4a3-4340-9d37-d41e42b9d14a/cd0a0a89-e675-45bd-9a7d-21f245e9442b/300x300.jpg
"Maison, Loisirs et Textile",ba3a2859-4bce-4ecb-a522-694a489c0120,MPX_6275,"Collant Ventre Plat, Noir, 25D, Diam'S, DIM - T2",14.99,14.99,"['Maison, Loisirs et Textile', 'Basiques Textile', 'Femme - Collants', 'Sculptant']",Dim,True,False,false,,,,[],https://courses.monoprix.fr/images-v3/0c44253f-c4a3-4340-9d37-d41e42b9d14a/251b4661-7646-4040-bc07-98effbb792cd/300x300.jpg
"Maison, Loisirs et Textile",b5159212-40b5-4b97-8bc4-c4e811adf670,MPX_2563478,Durance Bougie Artisanale Parfumée Fleurs D'Orangers 180g,18.99,18.99,"['Maison, Loisirs et Textile', 'Salon et Bureau', 'Décoration et Rangements', 'Bougies et Bougeoirs']",Durance,True,False,false,,,,[],https://courses.monoprix.fr/images-v3/0c44253f-c4a3-4340-9d37-d41e42b9d14a/fe602922-20a4-4cff-8425-efd57bb6d434/300x300.jpg
"Maison, Loisirs et Textile",ca5ad1dd-2762-4341-b974-7a0a742a4f07,MPX_2563472,Durance Bougie Parfumée - Ambre Précieux - 180Gr,18.99,18.99,"['Maison, Loisirs et Textile', 'Salon et Bureau', 'Décoration et Rangements', 'Bougies et Bougeoirs']",DURANCE,True,False,false,,,,[],https://courses.monoprix.fr/images-v3/0c44253f-c4a3-4340-9d37-d41e42b9d14a/5fde04c0-e309-4356-99b1-f928dba86d55/300x300.jpg
"Maison, Loisirs et Textile",442fa873-1ce7-42a6-8f19-ba6e06c11b06,MPX_3209658,"Monoprix Maison Porte Balais, Polyrésine Mouchetée Noire",20.99,20.99,"['Mes marques Monoprix', 'Monoprix Maison', 'Décoration', 'Salle de bain']",MONOPRIX,True,False,false,,,,[],https://courses.monoprix.fr/images-v3/0c44253f-c4a3-4340-9d37-d41e42b9d14a/a680d52a-b5cf-48b5-8b01-d12a70d91f0d/300x300.jpg
"Maison, Loisirs et Textile",2317feec-9184-43ac-956f-8a04138909d7,MPX_1977431,"Exacompta Reliure 60 Vues, Format A4",2.8,2.8,"['Maison, Loisirs et Textile', 'Salon et Bureau', 'Papeterie et Fournitures scolaires', 'Classement et Rangements']",EXACOMPTA,True,False,false,,,,[],https://courses.monoprix.fr/images-v3/0c44253f-c4a3-4340-9d37-d41e42b9d14a/47437663-e3a5-422a-915a-963df92ce982/300x300.jpg
"Maison, Loisirs et Textile",b3e58931-886c-4a6c-a874-09e8b680a64c,MPX_3742946,Le Parfait Bocal 350Ml,2.99,2.99,"['Maison, Loisirs et Textile', 'Vaisselle et ustensiles de cuisine', 'Ustensiles et Rangements', 'Boîtes et Conservation']",LE PARFAIT,True,False,false,,,,[],https://courses.monoprix.fr/images-v3/0c44253f-c4a3-4340-9d37-d41e42b9d14a/0dd26c91-44eb-4a76-82b4-a159776606da/300x300.jpg
"Maison, Loisirs et Textile",2f85c055-fbd5-4b52-93f2-54049dc324e5,MPX_3729426,Monoprix Bougies Mini Fleurs Rouges x20,4.99,0.25,"['Mes marques Monoprix', 'Monoprix Maison', 'Jouets', 'Anniversaire']",Monoprix,True,False,false,,,20 par pack,[],https://courses.monoprix.fr/images-v3/0c44253f-c4a3-4340-9d37-d41e42b9d14a/f05e6f74-584d-44a6-b047-1a13b1df5c41/300x300.jpg
"Maison, Loisirs et Textile",3997a45e-3e68-49b0-9745-6478a7c5e33d,MPX_3180751,Monoprix Femme Collants Noirs - T4,4.99,106.17,"['Maison, Loisirs et Textile', 'Basiques Textile', 'Femme - Collants', 'Satinés']",MONOPRIX FEMME,True,False,false,,,0.047kg,[],https://courses.monoprix.fr/images-v3/0c44253f-c4a3-4340-9d37-d41e42b9d14a/7365508d-1b06-4994-a35c-e1c80bab1b08/300x300.jpg
"Maison, Loisirs et Textile",ff42a816-d628-4745-813e-728a0fd00747,MPX_2726337,Monoprix Maison Bac À Glaçons En Plastique Et Siliconee,6.5,6.5,"['Mes marques Monoprix', 'Monoprix Maison', 'Ustensiles de cuisine', 'Rangement et Conservation']",Monoprix Maison,True,False,false,,,,[],https://courses.monoprix.fr/images-v3/0c44253f-c4a3-4340-9d37-d41e42b9d14a/c1d39dd5-1da4-430e-9202-a0b45ca38eca/300x300.jpg
"Maison, Loisirs et Textile",cdcbf570-7702-4eb4-86d5-dd3a9f31e88b,MPX_3671101,"Uhu Rollafix Ruban D'Emballage Brun, 50X50Mm",2.99,2.99,"['Maison, Loisirs et Textile', 'Atelier Bricolage', 'Quincaillerie', 'Ficelles et Patins']",UHU,True,False,false,,,,[],https://courses.monoprix.fr/images-v3/0c44253f-c4a3-4340-9d37-d41e42b9d14a/3f5ac134-892b-4d23-9f73-9ad815df8bdc/300x300.jpg
"Maison, Loisirs et Textile",a9d35766-bca8-4b08-a748-2725645de31d,MPX_3563832,Luminarc Gobelet Haut Funambule 32Cl,3.19,3.19,"['Maison, Loisirs et Textile', 'Vaisselle et ustensiles de cuisine', 'Arts de la table et Vaisselle', 'Verres et Gobelets']",LUMINARC,True,False,false,,,,[],https://courses.monoprix.fr/images-v3/0c44253f-c4a3-4340-9d37-d41e42b9d14a/a33d0773-d1f4-4b38-919f-97ef641d5c46/300x300.jpg
"Maison, Loisirs et Textile",925a0f99-9a1d-42a0-a5a2-f4d1fb46060c,MPX_3180646,"Sharpie 2 Marqueurs Permanents, Pointes Fines, Encre Noire",3.3,3.3,"['Maison, Loisirs et Textile', 'Salon et Bureau', 'Papeterie et Fournitures scolaires', 'Stylos, Crayons et Correction']",SHARPIE,True,False,false,,,,[],https://courses.monoprix.fr/images-v3/0c44253f-c4a3-4340-9d37-d41e42b9d14a/b05472e0-3d3c-4be3-903b-0aff3de8ab76/300x300.jpg
"Maison, Loisirs et Textile",13d3180e-86b8-4368-825b-d15134d4bfcd,MPX_2726148,"Monoprix Maison Pince Pour Toasts, En Bois De Hêtre",3.99,3.99,"['Mes marques Monoprix', 'Monoprix Maison', 'Ustensiles de cuisine', 'Accessoires et Ustensiles']",MONOPRIX,True,False,false,,,,[],https://courses.monoprix.fr/images-v3/0c44253f-c4a3-4340-9d37-d41e42b9d14a/02e8e42b-8512-48a4-afbd-0a69fcd50c1f/300x300.jpg
"Maison, Loisirs et Textile",8075bff0-859d-4f17-8a6a-7097e1c5be06,MPX_3181449,Monoprix Femme Mi-Bas Opaques Marine - TU,4.99,106.17,"['Maison, Loisirs et Textile', 'Basiques Textile', 'Femme - Chaussettes', 'Mi-Bas']",MONOPRIX FEMME,True,False,false,,,0.047kg,[],https://courses.monoprix.fr/images-v3/0c44253f-c4a3-4340-9d37-d41e42b9d14a/ca63ef90-7d14-4a4a-92ed-4798c8cd7afe/300x300.jpg
"Maison, Loisirs et Textile",24f674f2-0eb8-410b-8f04-36fdb855d501,MPX_1350034,"Uhu Colle Super, Strong & Safe, 7G",5.6,5.6,"['Maison, Loisirs et Textile', 'Salon et Bureau', 'Papeterie et Fournitures scolaires', 'Colles, Adhésifs et Agrafes']",UHU,True,False,false,,,,[],https://courses.monoprix.fr/images-v3/0c44253f-c4a3-4340-9d37-d41e42b9d14a/ce7b84fe-926f-4802-abfe-7bceacee618e/300x300.jpg
"Maison, Loisirs et Textile",d9b78e34-7dc7-4c59-a4d6-bdef7e183577,MPX_2441786,Pyrex Mini Verre Mesureur,5.99,5.99,"['Maison, Loisirs et Textile', 'Vaisselle et ustensiles de cuisine', 'Ustensiles et Rangements', 'Plats et Moules']",PYREX KITCHEN LAB,True,False,false,,,,[],https://courses.monoprix.fr/images-v3/0c44253f-c4a3-4340-9d37-d41e42b9d14a/347ef636-8ede-468a-a321-03f2efce0426/300x300.jpg
"Maison, Loisirs et Textile",005042ea-8135-422d-a289-28e409ee3216,MPX_4198762,Duracell Piles Alcalines 9V 6Lr61,6.29,6.29,"['Maison, Loisirs et Textile', 'Piles et Ampoules', 'Piles', 'Autres piles']",Duracell,True,False,false,1.0,YEAR,,[],https://courses.monoprix.fr/images-v3/0c44253f-c4a3-4340-9d37-d41e42b9d14a/380ca80d-b152-4434-b225-09b155d3e874/300x300.jpg
"Maison, Loisirs et Textile",32b400d0-e0fa-4d09-b26b-44a151eba10f,MPX_3508992,Rona Coupelle À Champagne,6.99,6.99,"['Maison, Loisirs et Textile', 'Vaisselle et ustensiles de cuisine', 'Arts de la table et Vaisselle', 'Verres et Gobelets']",Markhbein,True,False,false,,,,[],https://courses.monoprix.fr/images-v3/0c44253f-c4a3-4340-9d37-d41e42b9d14a/29f1a3ef-d4fe-42c3-b864-db0a336cfe17/300x300.jpg
"Maison, Loisirs et Textile",1fbc08e3-88e2-4b51-9af9-e9aa16780070,MPX_4042674,Philips Ampoule LED Classic 100W E27 Warm White A60,10.5,10.5,"['Maison, Loisirs et Textile', 'Piles et Ampoules', 'Ampoules', 'Gros Culot (E27)']",Philips,True,False,false,,,,[],https://courses.monoprix.fr/images-v3/0c44253f-c4a3-4340-9d37-d41e42b9d14a/8d9468eb-0668-4be1-b79b-62bffaef4677/300x300.jpg
"Maison, Loisirs et Textile",aa3c06f5-f6c3-4c7a-a620-e4f48c8c5bd2,MPX_2712210,Monoprix Planche À Découper Bois,10.99,10.99,"['Mes marques Monoprix', 'Monoprix Maison', 'Ustensiles de cuisine', 'Accessoires et Ustensiles']",Monoprix,True,False,false,,,,[],https://courses.monoprix.fr/images-v3/0c44253f-c4a3-4340-9d37-d41e42b9d14a/0b639faa-6dbf-4056-9598-e803df248ab8/300x300.jpg
"Maison, Loisirs et Textile",981d36d1-f287-4b13-88d8-c155b6653a0d,MPX_1908970,Rubson Appareil Absorbeur D'Humidité Sensation Pure 3En1,15.99,15.99,"['Maison, Loisirs et Textile', 'Atelier Bricolage', ""Absorbeurs d'humidité""]",Rubson,True,False,false,,,,[],https://courses.monoprix.fr/images-v3/0c44253f-c4a3-4340-9d37-d41e42b9d14a/a7a53c6a-b70e-4d6d-bc72-9c4efd13a751/300x300.jpg
"Maison, Loisirs et Textile",0661d09d-f81d-4a77-937b-494277fa30f2,MPX_3671953,Apli Étiquettes Adhésives 8 Mm X385,1.7,1.7,"['Maison, Loisirs et Textile', 'Salon et Bureau', 'Papeterie et Fournitures scolaires', 'Etiquettes et Stickers']",APLI,True,False,false,,,,[],https://courses.monoprix.fr/images-v3/0c44253f-c4a3-4340-9d37-d41e42b9d14a/d9b32be5-cd74-49ea-89f3-55da8e4c90da/300x300.jpg
"Maison, Loisirs et Textile",44bcb824-232b-4699-9fb6-16507719b635,MPX_3104678,Oxford Chemise A4 De 3 Rabats,1.99,1.99,"['Maison, Loisirs et Textile', 'Salon et Bureau', 'Papeterie et Fournitures scolaires', 'Classement et Rangements']",Oxford,True,False,false,,,,[],https://courses.monoprix.fr/images-v3/0c44253f-c4a3-4340-9d37-d41e42b9d14a/1f626c2f-0ac0-4f1a-b631-d73356600917/300x300.jpg
"Maison, Loisirs et Textile",89934221-958f-4e60-bede-c3b97f3d0ef7,MPX_4124507,Vahiné Bougies Licorne x15,3.99,3.99,"['Maison, Loisirs et Textile', ""Chambre d'enfant et Jouets"", 'Anniversaires', ""Bougies d'anniversaire""]",Vahiné,True,False,false,6.0,MONTH,,[],https://courses.monoprix.fr/images-v3/0c44253f-c4a3-4340-9d37-d41e42b9d14a/25ac6989-560d-41c7-ab2a-0fe2eea2f833/300x300.jpg
"Maison, Loisirs et Textile",c029acdc-92ee-484b-967a-15b4a0efc44f,MPX_2216571,"Ramequin 10Cm, En Pyrex",5.99,5.99,"['Maison, Loisirs et Textile', 'Vaisselle et ustensiles de cuisine', 'Arts de la table et Vaisselle', 'Saladiers et Plats']",Pyrex,True,False,false,,,,[],https://courses.monoprix.fr/images-v3/0c44253f-c4a3-4340-9d37-d41e42b9d14a/515bd88a-2093-4c68-9a6a-c375a5c36a6e/300x300.jpg
"Maison, Loisirs et Textile",a6c4c409-0071-49fe-bdc2-56ce89a1fcf6,MPX_3454578,Monoprix Maison Gant Fines Rayures,6.99,6.99,"['Mes marques Monoprix', 'Monoprix Maison', 'Linge de maison', 'Linge de cuisine']",Monoprix,True,False,false,,,,[],https://courses.monoprix.fr/images-v3/0c44253f-c4a3-4340-9d37-d41e42b9d14a/e608c70f-9d9f-4599-ac46-0a7629667122/300x300.jpg
"Maison, Loisirs et Textile",3d1ac135-d3b3-48f1-b189-f96e99474280,MPX_5354248,Philips Ampoule LED Sphérique E14 40W Blanc Chaud x1,9.99,9.99,"['Maison, Loisirs et Textile', 'Piles et Ampoules', 'Ampoules', 'Petit Culot (E14)']",Philips,True,False,false,,,,[],https://courses.monoprix.fr/images-v3/0c44253f-c4a3-4340-9d37-d41e42b9d14a/d4ea2467-cd18-4d1f-a08c-740efa47aac1/300x300.jpg
"Maison, Loisirs et Textile",13f12907-fda4-4195-a13d-3c8dcd91cb3b,MPX_2751506,Monoprix Bougies Non Parfumées,1.7,1.7,"['Mes marques Monoprix', 'Monoprix Maison', 'Décoration', 'Bougies et Allumettes']",Monoprix,True,False,false,,,,[],https://courses.monoprix.fr/images-v3/0c44253f-c4a3-4340-9d37-d41e42b9d14a/8c1a7322-13d1-4dfa-947f-6b98c8e42f53/300x300.jpg
"Maison, Loisirs et Textile",b455f8d1-0d24-449b-ba8d-953a2e512335,MPX_1818103,"Rhodia Bloc Notes, Petits Carreaux, 14,8X21Cm, 80 Pages",3.3,3.3,"['Maison, Loisirs et Textile', 'Salon et Bureau', 'Papeterie et Fournitures scolaires', 'Cahiers, Carnets et Blocs']",Rhodia,True,False,false,,,,[],https://courses.monoprix.fr/images-v3/0c44253f-c4a3-4340-9d37-d41e42b9d14a/9ba32baf-b33c-4db5-821d-77e03c0906e2/300x300.jpg
"Maison, Loisirs et Textile",73dceca2-5976-4aee-aa87-b44c8f945350,MPX_2218965,Monoprix Maison Flûte Série Martina 22cl,3.99,3.99,"['Maison, Loisirs et Textile', 'Vaisselle et ustensiles de cuisine', 'Arts de la table et Vaisselle', 'Verres et Gobelets']",Bohemia Royal Crystal,True,False,false,,,,[],https://courses.monoprix.fr/images-v3/0c44253f-c4a3-4340-9d37-d41e42b9d14a/5ad66f32-b342-482f-933b-347065f55010/300x300.jpg
"Maison, Loisirs et Textile",5e0a23e6-2580-4553-8028-9a84dfcd46a6,MPX_2353369,"Clairefontaine Zapbook Spirales, Format A5, 80 Pages",4.3,4.3,"['Maison, Loisirs et Textile', 'Salon et Bureau', 'Papeterie et Fournitures scolaires', 'Cahiers, Carnets et Blocs']",Clairefontaine,True,False,false,,,,[],https://courses.monoprix.fr/images-v3/0c44253f-c4a3-4340-9d37-d41e42b9d14a/2818b500-02d3-400c-9ed1-20c32099041f/300x300.jpg
"Maison, Loisirs et Textile",590c03bd-8d91-47f5-b444-8be4d2018ebc,MPX_1760942,Pilot 3 recharges effaçables FriXion Ball encre noire,5.99,5.99,"['Maison, Loisirs et Textile', 'Salon et Bureau', 'Papeterie et Fournitures scolaires', 'Stylos, Crayons et Correction']",Pilot,True,False,false,,,,[],https://courses.monoprix.fr/images-v3/0c44253f-c4a3-4340-9d37-d41e42b9d14a/3614be7b-8895-4477-9840-7f304063134f/300x300.jpg
"Maison, Loisirs et Textile",99d54044-09db-4cc0-b741-9330f5859da7,MPX_3822286,Duracell Pile Lr44 / A76 X4,7.59,7.59,"['Maison, Loisirs et Textile', 'Piles et Ampoules', 'Piles', '3LR12 - 1203']",Duracell,True,False,false,1.0,YEAR,,[],https://courses.monoprix.fr/images-v3/0c44253f-c4a3-4340-9d37-d41e42b9d14a/a5922cae-3383-4cdf-bc53-63942e578cb2/300x300.jpg
"Maison, Loisirs et Textile",c4681dc0-4e7c-460e-875e-caa52f5ccdfd,MPX_6582147,Pilot Stylos frixion ball fin couleurs x4,7.99,2.0,"['Maison, Loisirs et Textile', 'Salon et Bureau', 'Papeterie et Fournitures scolaires', 'Stylos, Crayons et Correction']",Pilot,True,False,false,,,4 par pack,[],https://courses.monoprix.fr/images-v3/0c44253f-c4a3-4340-9d37-d41e42b9d14a/699a0d42-db27-45fa-b522-5334325735d7/300x300.jpg
"Maison, Loisirs et Textile",bb9cfb28-010e-4054-b297-7c4b40b62bc7,MPX_2738452,Energizer 2 Piles Cr2430 Lithium,8.65,8.65,"['Maison, Loisirs et Textile', 'Piles et Ampoules', 'Piles', 'Autres piles']",Energizer,True,False,false,1.0,YEAR,,[],https://courses.monoprix.fr/images-v3/0c44253f-c4a3-4340-9d37-d41e42b9d14a/b50206c4-ae33-4169-a158-310bff665bdd/300x300.jpg
"Maison, Loisirs et Textile",0687ba4d-bddd-4f8e-a5b9-a9daa93e7af8,MPX_2675450,"Monoprix Maison Balais De Toilette, Soft Touch, Blanc",9.99,9.99,"['Mes marques Monoprix', 'Monoprix Maison', 'Décoration', 'Salle de bain']",MONOPRIX,True,False,false,,,,[],https://courses.monoprix.fr/images-v3/0c44253f-c4a3-4340-9d37-d41e42b9d14a/c8b46531-bd1d-4dc4-a1da-7e41c61b6e47/300x300.jpg
"Maison, Loisirs et Textile",10006eec-3360-4bba-a85c-55ceb119ccab,MPX_2118748,Monoprix Parapluie noir,10.99,10.99,"['Maison, Loisirs et Textile', 'Basiques Textile', 'Accessoires', 'Parapluies']",MONOPRIX FEMME,True,False,false,,,,[],https://courses.monoprix.fr/images-v3/0c44253f-c4a3-4340-9d37-d41e42b9d14a/68091e37-92ed-44ea-97b9-06e5a0f79cbb/300x300.jpg
"Maison, Loisirs et Textile",a0a6132f-9673-48f5-b6e4-aa8d13d45657,MPX_2441445,Monoprix Maison 12 Crayons De Couleur,1.8,1.8,"['Mes marques Monoprix', 'Monoprix Maison', 'Papeterie', 'DIY, Dessin et Peinture']",MONOPRIX,True,False,false,,,,[],https://courses.monoprix.fr/images-v3/0c44253f-c4a3-4340-9d37-d41e42b9d14a/41c0a880-ec2e-488a-a8b4-e17436a57e52/300x300.jpg
"Maison, Loisirs et Textile",62b34a04-e675-48d0-9628-81c470a9c477,MPX_1173056,Post-It Bloc-Note Néon Rose 325 Feuilles 76X76Cm,3.0,3.0,"['Maison, Loisirs et Textile', 'Salon et Bureau', 'Papeterie et Fournitures scolaires', 'Cahiers, Carnets et Blocs']",Post-It,True,False,false,,,,[],https://courses.monoprix.fr/images-v3/0c44253f-c4a3-4340-9d37-d41e42b9d14a/d8323537-8338-4929-9a48-d69a90b47ce5/300x300.jpg
"Maison, Loisirs et Textile",d621a725-590c-4999-8358-86e699bdfaed,MPX_61716,"Scotch Adhésif Double Face Avec Dévidoir 12Mmx6,3M",3.6,3.6,"['Maison, Loisirs et Textile', 'Salon et Bureau', 'Papeterie et Fournitures scolaires', 'Colles, Adhésifs et Agrafes']",Scotch®,True,False,false,,,,[],https://courses.monoprix.fr/images-v3/0c44253f-c4a3-4340-9d37-d41e42b9d14a/65080ac8-0999-4718-b5f2-db2c30972e2c/300x300.jpg
"Maison, Loisirs et Textile",b2ba40eb-e964-491d-aa1b-228668fd93df,MPX_3729276,Monoprix Bougies Bobèches Bleues x20,3.99,0.2,"['Mes marques Monoprix', 'Monoprix Maison', 'Jouets', 'Anniversaire']",Monoprix,True,False,false,,,20 par pack,[],https://courses.monoprix.fr/images-v3/0c44253f-c4a3-4340-9d37-d41e42b9d14a/32dbe849-8444-4dff-bcd0-ac32a4e45c92/300x300.jpg
"Maison, Loisirs et Textile",09190184-c90b-4809-80ad-ae555924ec3a,MPX_3574941,Monoprix Bougies Non Parfumées x10,4.99,0.5,"['Mes marques Monoprix', 'Monoprix Maison', 'Décoration', 'Bougies et Allumettes']",Monoprix,True,False,false,,,10 par pack,[],https://courses.monoprix.fr/images-v3/0c44253f-c4a3-4340-9d37-d41e42b9d14a/0df107c8-865c-4202-bcc8-eda3d268fd93/300x300.jpg
"Maison, Loisirs et Textile",de7ecbb1-3cd4-4eb9-bba8-25bada29feb3,MPX_502254,Monoprix Maison 2 Crochets En Cèdre,5.5,5.5,"['Mes marques Monoprix', 'Monoprix Maison', 'Décoration', 'Penderie et Buanderie']",MONOPRIX,True,False,false,,,,[],https://courses.monoprix.fr/images-v3/0c44253f-c4a3-4340-9d37-d41e42b9d14a/28e21b41-70f9-4761-a098-092e538b05c4/300x300.jpg
"Maison, Loisirs et Textile",8eb85f7e-bc91-4850-b300-ea92f1da47b8,MPX_2652688,"Bic Feutres Velleda, Pointe Fine x8",6.6,0.83,"['Maison, Loisirs et Textile', 'Salon et Bureau', 'Papeterie et Fournitures scolaires', 'Dessin et Peinture']",Bic,True,False,false,,,8 x 1 par pack,[],https://courses.monoprix.fr/images-v3/0c44253f-c4a3-4340-9d37-d41e42b9d14a/49fa04a8-a10f-44c6-bfb3-fd1ccfeb02e6/300x300.jpg
"Maison, Loisirs et Textile",aafa9ce4-055e-4727-a0b0-76a770de85cb,MPX_2947108,DIM Collant Body Touch Opaque Noir -T4,11.99,11.99,"['Maison, Loisirs et Textile', 'Basiques Textile', 'Femme - Collants', 'Opaque']",DIM,True,False,false,,,,[],https://courses.monoprix.fr/images-v3/0c44253f-c4a3-4340-9d37-d41e42b9d14a/85c30b13-cece-427f-8f80-61e6c2372989/300x300.jpg
"Maison, Loisirs et Textile",df9bc7e2-8a2a-4b9d-a900-630b75cf4527,MPX_2973989,Hp Cartouche D'Encre Noire N°304,17.99,17.99,"['Maison, Loisirs et Textile', 'Salon et Bureau', 'Multimédia et Informatique', ""Cartouches d'impression et Papiers""]",HP,True,False,false,,,,[],https://courses.monoprix.fr/images-v3/0c44253f-c4a3-4340-9d37-d41e42b9d14a/6951898f-016c-449b-affc-8129a5eedfe3/300x300.jpg
"Maison, Loisirs et Textile",6aa40aac-4cd4-446d-962f-69e67d4680e0,MPX_4079751,Monoprix Pince À Épiler Avec Étui,4.99,4.99,"['Hygiène & Beauté', 'Soins du corps', 'Soins des mains et des pieds', 'Accessoires']",Monoprix Accessoires,True,False,false,,,,[],https://courses.monoprix.fr/images-v3/0c44253f-c4a3-4340-9d37-d41e42b9d14a/bf747a93-ee9f-438d-ab30-094d5ce8647a/300x300.jpg
"Maison, Loisirs et Textile",aec49d94-2280-4945-8bd6-eff0bee88735,MPX_2726187,"Monoprix Maison Mini Bac À Glaçons, Noir",6.5,6.5,"['Mes marques Monoprix', 'Monoprix Maison', 'Ustensiles de cuisine', 'Rangement et Conservation']",MONOPRIX,True,False,false,,,,[],https://courses.monoprix.fr/images-v3/0c44253f-c4a3-4340-9d37-d41e42b9d14a/6281a7a5-bb6c-47ff-9681-4c1a6bd4a589/300x300.jpg
"Maison, Loisirs et Textile",793178d4-d4cc-4adf-860f-835c93730ce9,MPX_1179522,Dim Collant 50D Noir Opaque Veloutés Taille 3/4,7.99,257.74,"['Maison, Loisirs et Textile', 'Basiques Textile', 'Femme - Collants', 'Opaque']",Dim,True,False,false,,,0.031kg,[],https://courses.monoprix.fr/images-v3/0c44253f-c4a3-4340-9d37-d41e42b9d14a/4c6c1432-d9fb-4126-9d9e-744c6aa0732e/300x300.jpg
"Maison, Loisirs et Textile",59a9beda-5840-484b-a4be-e431cedfe7e8,MPX_1821893,"Collant Transparent Ceinture Velouté, Noir, 20D, Body Touch DIM - T2",8.99,8.99,"['Maison, Loisirs et Textile', 'Basiques Textile', 'Femme - Collants', 'Transparents']",Dim,True,False,false,,,,[],https://courses.monoprix.fr/images-v3/0c44253f-c4a3-4340-9d37-d41e42b9d14a/467ece55-dacf-444a-a57e-0fb71d110010/300x300.jpg
"Maison, Loisirs et Textile",da1b819f-f0e3-4b27-b4e4-0138b4bae92b,MPX_6263,"Collant Jambes Fuselées, Noir, 25D, Diam'S DIM - T2",11.99,11.99,"['Maison, Loisirs et Textile', 'Basiques Textile', 'Femme - Collants', 'Sculptant']",Dim,True,False,false,,,,[],https://courses.monoprix.fr/images-v3/0c44253f-c4a3-4340-9d37-d41e42b9d14a/19d82a29-7a37-43d8-abc8-cb6510d04a63/300x300.jpg
"Maison, Loisirs et Textile",f1355939-9ca5-46f9-8381-3a7b91d225a0,MPX_3195204,Trefilaction Multiprise Biplite 2x10 16A,2.2,2.2,"['Maison, Loisirs et Textile', 'Atelier Bricolage', 'Accessoires électriques']",TREFILACTION,True,False,false,,,,[],https://courses.monoprix.fr/images-v3/0c44253f-c4a3-4340-9d37-d41e42b9d14a/fe8f9c69-0afd-48f2-8dbc-794621fb083e/300x300.jpg
"Maison, Loisirs et Textile",ba8fba86-440b-4f5f-ae3b-214ee398958f,MPX_17303,"Pilot Feutre V Sign Pen, Encre Noire, Pointe Large",2.3,2.3,"['Maison, Loisirs et Textile', 'Salon et Bureau', 'Papeterie et Fournitures scolaires', 'Stylos, Crayons et Correction']",UNI-BALL,True,False,false,,,,[],https://courses.monoprix.fr/images-v3/0c44253f-c4a3-4340-9d37-d41e42b9d14a/2294db0b-0174-4a74-a316-441a1bd52f2a/300x300.jpg
"Maison, Loisirs et Textile",14c5f592-5159-4d72-b21c-dcaf5f2db9c1,MPX_2440931,Monoprix Maison Adhésif Invisible 19 Mm X 25 Mm,2.8,2.8,"['Mes marques Monoprix', 'Monoprix Maison', 'Papeterie', 'Fournitures scolaires et Bureau']",MONOPRIX,True,False,false,,,,[],https://courses.monoprix.fr/images-v3/0c44253f-c4a3-4340-9d37-d41e42b9d14a/7d367022-191b-47a8-9e8a-838e497c4727/300x300.jpg
"Maison, Loisirs et Textile",9aa1c49a-0560-4975-be12-b4d6ad3b9ba6,MPX_2095114,Monoprix Chouchou Eco X1,2.9,2.9,"['Maison, Loisirs et Textile', 'Salle de bain et Buanderie', 'Accessoires pour cheveux et mains']",Monoprix Accessoires,True,False,false,,,,[],https://courses.monoprix.fr/images-v3/0c44253f-c4a3-4340-9d37-d41e42b9d14a/51eb0063-7540-455d-bb37-a4266d68b806/300x300.jpg
"Maison, Loisirs et Textile",a3a24d08-68c3-4b9b-8012-9172db737f02,MPX_2441410,Monoprix Feutres De Coloriage x12,2.99,0.25,"['Mes marques Monoprix', 'Monoprix Maison', 'Papeterie', 'DIY, Dessin et Peinture']",Monoprix,True,False,false,,,12 par pack,[],https://courses.monoprix.fr/images-v3/0c44253f-c4a3-4340-9d37-d41e42b9d14a/b5d69b42-c5c6-4e98-b109-79de98d97157/300x300.jpg
"Maison, Loisirs et Textile",9c85f03d-c87f-4d62-b617-0efd2e72f145,MPX_4079945,Bic 4 Couleurs Pink Gold 1.00Mm,2.99,2.99,"['Maison, Loisirs et Textile', 'Salon et Bureau', 'Papeterie et Fournitures scolaires', 'Stylos, Crayons et Correction']",Bic,True,False,false,,,,[],https://courses.monoprix.fr/images-v3/0c44253f-c4a3-4340-9d37-d41e42b9d14a/e880b4b9-1a46-4b32-9421-bc1f1850fdb4/300x300.jpg
"Maison, Loisirs et Textile",c21fb817-6215-4265-b858-e1197a150fc8,MPX_9764,"Pilot Roller V5 Hi-Tecpoint, Encre Noire, Pointe Fine",3.5,3.5,"['Maison, Loisirs et Textile', 'Salon et Bureau', 'Papeterie et Fournitures scolaires', 'Stylos, Crayons et Correction']",Pilot,True,False,false,,,,[],https://courses.monoprix.fr/images-v3/0c44253f-c4a3-4340-9d37-d41e42b9d14a/e7b8050f-2b32-4ef5-b6df-5ba819ce5a33/300x300.jpg
"Maison, Loisirs et Textile",56ef9d77-bc6b-4e8e-9311-e8d15365867a,MPX_3729272,Monoprix Maison Bougie Chiffre 8 *1,3.75,133.93,"['Mes marques Monoprix', 'Monoprix Maison', 'Jouets', 'Anniversaire']",MONOPRIX,True,False,false,,,28g,[],https://courses.monoprix.fr/images-v3/0c44253f-c4a3-4340-9d37-d41e42b9d14a/f61260ee-04d8-48d4-9f58-04411f586cd5/300x300.jpg
"Maison, Loisirs et Textile",0326bcaf-1f5f-4745-ad13-d78d6e88f7d5,MPX_2496080,"Monoprix Maison 100 Enveloppes 11,4X16,2Cm, Bord Autocollant",4.99,4.99,"['Mes marques Monoprix', 'Monoprix Maison', 'Papeterie', 'Correspondance']",MONOPRIX,True,False,false,,,,[],https://courses.monoprix.fr/images-v3/0c44253f-c4a3-4340-9d37-d41e42b9d14a/1acf9ddc-1d0d-4d13-b67a-bff532fc5a01/300x300.jpg
"Maison, Loisirs et Textile",fc00be6c-5873-40f6-add7-46cde25f0c7e,MPX_3210389,Le Bourget Mi-Bas Voilance Resistant Noir x2 15D Taille Unique,5.99,5.99,"['Maison, Loisirs et Textile', 'Basiques Textile', 'Femme - Chaussettes', 'Mi-Bas']",Le Bourget,True,False,false,,,,[],https://courses.monoprix.fr/images-v3/0c44253f-c4a3-4340-9d37-d41e42b9d14a/fc80d20a-b4d1-4490-8a94-26e254975294/300x300.jpg
"Maison, Loisirs et Textile",06276dc5-0bc3-4b62-94ec-d0bc1d43299e,MPX_3537762,Energizer 2 Piles C Max,6.85,6.85,"['Maison, Loisirs et Textile', 'Piles et Ampoules', 'Piles', 'LR14 - C']",Energizer,True,False,false,1.0,YEAR,,[],https://courses.monoprix.fr/images-v3/0c44253f-c4a3-4340-9d37-d41e42b9d14a/d0af0abe-2c21-4c8e-a124-81f8c33fee9c/300x300.jpg
"Maison, Loisirs et Textile",aa63ea9b-9129-4ea9-ba98-220f4769a11c,MPX_5374514,Philips Ampoule LED Sphérique E27 40W Blanc Chaud Claire,9.99,9.99,"['Maison, Loisirs et Textile', 'Piles et Ampoules', 'Ampoules', 'Gros Culot (E27)']",Philips,True,False,false,,,,[],https://courses.monoprix.fr/images-v3/0c44253f-c4a3-4340-9d37-d41e42b9d14a/799bb6a7-17fa-445e-b48f-8de5b26323b0/300x300.jpg
"Maison, Loisirs et Textile",671878ea-df72-48f6-8d5c-478a947a3e0d,MPX_2850392,"Dim Lot X2 Mi-Bas Flexibles , Beige, 20D",9.99,9.99,"['Maison, Loisirs et Textile', 'Basiques Textile', 'Femme - Chaussettes', 'Mi-Bas']",Dim,True,False,false,,,,[],https://courses.monoprix.fr/images-v3/0c44253f-c4a3-4340-9d37-d41e42b9d14a/84120d71-d15d-4f28-ab11-8b8cbbf712a6/300x300.jpg
"Maison, Loisirs et Textile",337d49c6-b872-4cf7-a497-fae91de3036e,MPX_2118763,Monoprix Crosse Auto Pp Auto Noir,12.99,45.42,"['Maison, Loisirs et Textile', 'Basiques Textile', 'Accessoires', 'Parapluies']",MONOPRIX,True,False,false,,,0.286kg,[],https://courses.monoprix.fr/images-v3/0c44253f-c4a3-4340-9d37-d41e42b9d14a/14d9f926-4160-458b-b068-aca18890c9f1/300x300.jpg
"Maison, Loisirs et Textile",0afe28bd-4e2c-48b7-81df-fc45822b2b60,MPX_3648345,Téfal Crépière 25Cm Easy Cook & Clean,16.99,16.99,"['Maison, Loisirs et Textile', 'Vaisselle et ustensiles de cuisine', 'Ustensiles et Rangements', 'Poêles']",Téfal,True,False,false,,,,[],https://courses.monoprix.fr/images-v3/0c44253f-c4a3-4340-9d37-d41e42b9d14a/9ba7acf7-8d48-4685-9868-ec619a7d5c15/300x300.jpg
"Maison, Loisirs et Textile",afadb250-b47b-43e5-a477-bc2e56d59b6b,MPX_2652503,Uhu Colle Tout Extra Gel 31Ml,2.3,2.3,"['Maison, Loisirs et Textile', 'Salon et Bureau', 'Papeterie et Fournitures scolaires', 'Colles, Adhésifs et Agrafes']",UHU,True,False,false,,,,[],https://courses.monoprix.fr/images-v3/0c44253f-c4a3-4340-9d37-d41e42b9d14a/644e168b-9e8b-4d34-ac0c-faa4aad20059/300x300.jpg
"Maison, Loisirs et Textile",d9a7ef67-1d5d-4d95-9a16-87a5eadc0c49,MPX_2133475,"Bic 5 Portes-Mines Bic Matic Strong, Mines Hb",2.99,2.99,"['Maison, Loisirs et Textile', 'Salon et Bureau', 'Papeterie et Fournitures scolaires', 'Stylos, Crayons et Correction']",Bic,True,False,false,,,,[],https://courses.monoprix.fr/images-v3/0c44253f-c4a3-4340-9d37-d41e42b9d14a/b1b42ff4-337d-4d5c-9ba6-388feaa09f94/300x300.jpg
"Maison, Loisirs et Textile",77c75e27-002a-4ab5-9c81-43f0442f5760,MPX_3729268,Monoprix Maison Bougie Chiffre 5,3.99,3.99,"['Mes marques Monoprix', 'Monoprix Maison', 'Jouets', 'Anniversaire']",Monoprix,True,False,false,,,,[],https://courses.monoprix.fr/images-v3/0c44253f-c4a3-4340-9d37-d41e42b9d14a/ac73e942-5b2d-4954-917c-d0d4519c5266/300x300.jpg
"Maison, Loisirs et Textile",3d4d1b9f-bce3-4374-a754-e3fb2849153d,MPX_2441405,"Monoprix Maison Ciseaux, 21Cm",5.5,5.5,"['Mes marques Monoprix', 'Monoprix Maison', 'Papeterie', 'Fournitures scolaires et Bureau']",MONOPRIX,True,False,false,,,,[],https://courses.monoprix.fr/images-v3/0c44253f-c4a3-4340-9d37-d41e42b9d14a/8da2cd4f-3629-44f1-bf0e-85ef22f1fe62/300x300.jpg
"Maison, Loisirs et Textile",1c8fbeca-fbbf-4774-b956-1b8d9cd1ebec,MPX_2986673,Le Bourget Mi-Bas Activ'day Jambes Legeres Nude Taille Unique,6.99,6.99,"['Maison, Loisirs et Textile', 'Basiques Textile', 'Femme - Chaussettes', 'Mi-Bas']",Le Bourget,True,False,false,,,,[],https://courses.monoprix.fr/images-v3/0c44253f-c4a3-4340-9d37-d41e42b9d14a/47e96423-c63b-41d9-b745-017785603535/300x300.jpg
"Maison, Loisirs et Textile",7e634f73-2b98-4272-9e40-06dbd758d75f,MPX_154668,"Collant Voile Galbé, Noir, 22D, Diam'S DIM - T4",6.99,85.24,"['Maison, Loisirs et Textile', 'Basiques Textile', 'Femme - Collants', 'Sculptant']",Dim,True,False,false,,,0.082kg,[],https://courses.monoprix.fr/images-v3/0c44253f-c4a3-4340-9d37-d41e42b9d14a/55ebb8e2-c34a-4993-80f9-67834b14804b/300x300.jpg
"Maison, Loisirs et Textile",dd7903a4-790e-4525-817f-4518381b044c,MPX_3355622,"Monoprix Maison Presse Ail Stockholm, Inox",7.5,7.5,"['Mes marques Monoprix', 'Monoprix Maison', 'Ustensiles de cuisine', 'Accessoires et Ustensiles']",MONOPRIX,True,False,false,,,,[],https://courses.monoprix.fr/images-v3/0c44253f-c4a3-4340-9d37-d41e42b9d14a/317a27d8-4e32-4067-945c-ee216801248b/300x300.jpg
"Maison, Loisirs et Textile",cd7492b1-3851-4a43-94fa-65883d545f87,MPX_5354251,Philips Ampoule LED Standard E27 40W x1,8.99,8.99,"['Maison, Loisirs et Textile', 'Piles et Ampoules', 'Ampoules', 'Gros Culot (E27)']",Philips,True,False,false,,,,[],https://courses.monoprix.fr/images-v3/0c44253f-c4a3-4340-9d37-d41e42b9d14a/41db881b-9da4-47cb-9f87-662e70baf7e4/300x300.jpg
"Maison, Loisirs et Textile",1ef68cf2-5398-44b3-ae97-a675fc9f4a1f,MPX_1821894,"Collant Transparent Ceinture Velouté, Noir, 20D, Body Touch DIM - T3",8.99,157.72,"['Maison, Loisirs et Textile', 'Basiques Textile', 'Femme - Collants', 'Transparents']",Dim,True,False,false,,,0.057kg,[],https://courses.monoprix.fr/images-v3/0c44253f-c4a3-4340-9d37-d41e42b9d14a/c217838f-a443-4911-a4b5-0369fd2be045/300x300.jpg
"Maison, Loisirs et Textile",5bf41fb7-e40f-4637-b924-21a57c640f0d,MPX_3836109,Monoprix Led 40W G9 Lumière Chaude,9.39,9.39,"['Maison, Loisirs et Textile', 'Piles et Ampoules', 'Ampoules', 'Halogène (G9, R7S)']",Monoprix,True,False,false,,,,[],https://courses.monoprix.fr/images-v3/0c44253f-c4a3-4340-9d37-d41e42b9d14a/25e5f28d-7aef-402d-8b2c-c735af1a16ed/300x300.jpg
"Maison, Loisirs et Textile",1a062739-114a-419e-ba5f-13fec6d2ac33,MPX_2118769,Parapluie Imprimé Mini Pois Marine,15.99,15.99,"['Maison, Loisirs et Textile', 'Basiques Textile', 'Accessoires', 'Parapluies']",MONOPRIX,True,False,false,,,1kg,[],https://courses.monoprix.fr/images-v3/0c44253f-c4a3-4340-9d37-d41e42b9d14a/7125dfcc-589e-408a-ac55-9680af7a20a2/300x300.jpg
"Maison, Loisirs et Textile",45e22034-06d4-4cc6-8eca-cc1f243e651c,MPX_2047466,"Rubson Absorbeur D'Humidité, Aero 360°, 20M²",26.99,26.99,"['Maison, Loisirs et Textile', 'Atelier Bricolage', ""Absorbeurs d'humidité""]",Rubson,True,False,false,,,,[],https://courses.monoprix.fr/images-v3/0c44253f-c4a3-4340-9d37-d41e42b9d14a/9c8f588d-72dc-47b7-9968-1d46ec6fd748/300x300.jpg
"Maison, Loisirs et Textile",30bb8e68-d869-4b4b-9dd7-e35746294828,MPX_3180445,Maped Ciseaux à bouts ronds 13cm Zenoa Fit,3.6,3.6,"['Maison, Loisirs et Textile', 'Salon et Bureau', 'Papeterie et Fournitures scolaires', 'Ciseaux']",Maped,True,False,false,,,,[],https://courses.monoprix.fr/images-v3/0c44253f-c4a3-4340-9d37-d41e42b9d14a/11a97655-634c-4412-9d12-fbb5a3eb3831/300x300.jpg
"Maison, Loisirs et Textile",8cc8034a-e83a-4498-9c76-0619f31b539f,MPX_2587764,Monoprix Bougies Non Parfumées x4,4.2,1.05,"['Mes marques Monoprix', 'Monoprix Maison', 'Décoration', 'Bougies et Allumettes']",Monoprix,True,False,false,,,4 par pack,[],https://courses.monoprix.fr/images-v3/0c44253f-c4a3-4340-9d37-d41e42b9d14a/36a7f791-7daa-4ec4-850d-7f2827f41a98/300x300.jpg
"Maison, Loisirs et Textile",5c7423f1-f6f3-4d27-a932-d98d59b03e24,MPX_3406372,Monoprix Eplucheur Hêtre Naturel,4.99,4.99,"['Mes marques Monoprix', 'Monoprix Maison', 'Ustensiles de cuisine', 'Accessoires et Ustensiles']",Monoprix,True,False,false,,,,[],https://courses.monoprix.fr/images-v3/0c44253f-c4a3-4340-9d37-d41e42b9d14a/dc811880-8507-45ba-b374-bf7d3be6d2f3/300x300.jpg
"Maison, Loisirs et Textile",f41e3247-f8bf-417a-ac20-ec3cb44a5d9f,MPX_2350026,Trefilaction Multiprise Triplite 16A Frontale Blanc,5.5,5.5,"['Maison, Loisirs et Textile', 'Atelier Bricolage', 'Accessoires électriques']",TREFILACTION,True,False,false,,,,[],https://courses.monoprix.fr/images-v3/0c44253f-c4a3-4340-9d37-d41e42b9d14a/cddeb15f-ff0c-44e9-9573-1f49aa265c22/300x300.jpg
"Maison, Loisirs et Textile",af1b7ae7-7673-4694-a48e-6fb50e85a38a,MPX_2216669,Duralex Gobelets Verre Gigogne 22cl x4,7.99,7.99,"['Maison, Loisirs et Textile', 'Vaisselle et ustensiles de cuisine', 'Arts de la table et Vaisselle', 'Verres et Gobelets']",Duralex,True,False,false,1.0,YEAR,,[],https://courses.monoprix.fr/images-v3/0c44253f-c4a3-4340-9d37-d41e42b9d14a/9b7b0671-5ec2-4256-a5b7-8a3c385849f0/300x300.jpg
"Maison, Loisirs et Textile",88ad8cc5-00dc-49ff-97e8-e6cc57d5bfce,MPX_2838396,Loctite Colle Super-Glue 3 Perfect Pen Gel,8.5,8.5,"['Maison, Loisirs et Textile', 'Atelier Bricolage', 'Colles fortes']",Loctite,True,False,false,,,,[],https://courses.monoprix.fr/images-v3/0c44253f-c4a3-4340-9d37-d41e42b9d14a/8a58d905-0b77-4a03-9484-7306efd19af5/300x300.jpg
"Maison, Loisirs et Textile",1228097a-a45e-481b-a50a-a4a2de2fd2e6,MPX_4042679,Philips Ampoule LED Clasic 100W A60 B22 Warm White,13.9,13.9,"['Maison, Loisirs et Textile', 'Piles et Ampoules', 'Ampoules', 'A baïonnette (B22)']",Philips,True,False,false,,,,[],https://courses.monoprix.fr/images-v3/0c44253f-c4a3-4340-9d37-d41e42b9d14a/c316f13b-ac96-4d70-b715-b92bd9e5eae4/300x300.jpg
"Maison, Loisirs et Textile",e7bfbe2b-4cdc-48af-96a3-14fcb72d192f,MPX_3279102,"Monoprix Maison Moule À Tarte 31Cm En Acier Revêtu, Coloris Champagne, Fond Mobile",14.99,14.99,"['Mes marques Monoprix', 'Monoprix Maison', 'Ustensiles de cuisine', 'Pâtisserie']",Monoprix Maison,True,False,false,,,,[],https://courses.monoprix.fr/images-v3/0c44253f-c4a3-4340-9d37-d41e42b9d14a/49b8d9d5-e7f5-49f5-b53e-0f33f2a23859/300x300.jpg
"Maison, Loisirs et Textile",a34124b1-096e-4eff-b8cb-0e4388dd6276,MPX_3648344,Téfal Poêle 28Cm Easy Cook & Clean,20.99,20.99,"['Maison, Loisirs et Textile', 'Vaisselle et ustensiles de cuisine', 'Ustensiles et Rangements', 'Poêles']",Téfal,True,False,false,,,,[],https://courses.monoprix.fr/images-v3/0c44253f-c4a3-4340-9d37-d41e42b9d14a/031d584e-7c2d-497c-b028-6d47fb154ec7/300x300.jpg
"Maison, Loisirs et Textile",1d0da643-ee64-44b7-b89c-6bad5141dc55,MPX_3342529,"Françoise Paviot 20 Serviettes Paon Vert, 25X25Cm",3.99,3.99,"['Maison, Loisirs et Textile', 'Vaisselle et ustensiles de cuisine', 'Vaisselle jetable', 'Serviettes en papier']",FRANCOISE PAVIOT,True,False,false,,,,[],https://courses.monoprix.fr/images-v3/0c44253f-c4a3-4340-9d37-d41e42b9d14a/c752fc61-c590-46e6-9280-f0d21988bcfc/300x300.jpg
"Maison, Loisirs et Textile",abc45216-71a2-46d4-a2a7-629be0e91f27,MPX_3032799,"Françoise Paviot 20 Serviettes, Blanc, 40X40Cm",6.99,6.99,"['Maison, Loisirs et Textile', 'Vaisselle et ustensiles de cuisine', 'Vaisselle jetable', 'Serviettes en papier']",FRANCOISE PAVIOT,True,False,false,,,,[],https://courses.monoprix.fr/images-v3/0c44253f-c4a3-4340-9d37-d41e42b9d14a/ef444a1a-70bf-4717-a075-5a4c89e5c823/300x300.jpg
"Maison, Loisirs et Textile",2ce3cd0b-1711-49b0-bb86-ce895c5f01b4,MPX_3032793,"Ppd 20 Serviettes, Motif Palmes, 33X33Cm",3.5,3.5,"['Maison, Loisirs et Textile', 'Vaisselle et ustensiles de cuisine', 'Vaisselle jetable', 'Serviettes en papier']",PAPER PRODUCTS DESIG,True,False,false,,,,[],https://courses.monoprix.fr/images-v3/0c44253f-c4a3-4340-9d37-d41e42b9d14a/0f09126e-9ab8-47b5-96e6-ce13b1b5fe6a/300x300.jpg
"Maison, Loisirs et Textile",b169273e-9386-4c57-ac50-c00b03eb562d,MPX_2991714,Pilot 6 Recharges Effaçables Frixion Ball Encre Bleue,9.99,9.99,"['Maison, Loisirs et Textile', 'Salon et Bureau', 'Papeterie et Fournitures scolaires', 'Stylos, Crayons et Correction']",Pilot,True,False,false,,,,[],https://courses.monoprix.fr/images-v3/0c44253f-c4a3-4340-9d37-d41e42b9d14a/af3c7b47-9f2d-4ede-9e42-55cefb217519/300x300.jpg
"Maison, Loisirs et Textile",b163a6d8-8845-4974-b2c7-4d9a86b34bd6,MPX_3181425,Monoprix Femme Mi-Bas Voile Résistant Noir - TU,4.99,106.17,"['Maison, Loisirs et Textile', 'Basiques Textile', 'Femme - Chaussettes', 'Mi-Bas']",MONOPRIX FEMME,True,False,false,,,0.047kg,[],https://courses.monoprix.fr/images-v3/0c44253f-c4a3-4340-9d37-d41e42b9d14a/77f4ff5a-74be-4b0b-8a25-c9c97d8bd9f1/300x300.jpg
"Maison, Loisirs et Textile",e14ddf97-4b82-4e6e-b97c-8627e4b6d5de,MPX_2712254,Monoprix Maison Pics À Brochettes En Bambou,2.99,2.99,"['Mes marques Monoprix', 'Monoprix Maison', 'Ustensiles de cuisine', 'Accessoires et Ustensiles']",MONOPRIX,True,False,false,,,,[],https://courses.monoprix.fr/images-v3/0c44253f-c4a3-4340-9d37-d41e42b9d14a/56ff8824-2a1a-4d47-b64f-10a0911d5a0a/300x300.jpg
"Maison, Loisirs et Textile",5c67c411-dbf6-4752-86d7-cc4a9780f9e3,MPX_2652212,Monoprix Lot D'Élastiques Sans Métal,2.9,2.9,"['Hygiène & Beauté', 'Soins des cheveux', 'Accessoires']",Monoprix Accessoires,True,False,false,1.0,YEAR,,[],https://courses.monoprix.fr/images-v3/0c44253f-c4a3-4340-9d37-d41e42b9d14a/b59651e5-beda-4a2b-b743-15ee873487f0/300x300.jpg
"Maison, Loisirs et Textile",eb52f160-ced7-4960-88b1-56ebe55b2180,MPX_1893633,"Viquel 50 Pochettes Plastiques Lisses, Perforées",4.3,4.3,"['Maison, Loisirs et Textile', ""Chambre d'enfant et Jouets"", 'Papeterie et Fournitures scolaires', 'Classements et Rangements']",VIQUEL,True,False,false,,,,[],https://courses.monoprix.fr/images-v3/0c44253f-c4a3-4340-9d37-d41e42b9d14a/3f55419b-4456-483b-8616-6c3dee28c45a/300x300.jpg
"Maison, Loisirs et Textile",a6b68065-f9d1-4c8f-a3f9-2ce6beec947e,MPX_5847102,Energizer Pile Max AAA x10,11.5,11.5,"['Maison, Loisirs et Textile', 'Piles et Ampoules', 'Piles', 'LR03 - AAA']",Energizer,True,False,false,,,,[],https://courses.monoprix.fr/images-v3/0c44253f-c4a3-4340-9d37-d41e42b9d14a/142820bb-1c54-4e26-abf3-9bbec602a320/300x300.jpg
"Maison, Loisirs et Textile",8854b560-e59b-4f2e-a45b-e478808b41ae,MPX_2495952,Monoprix Enveloppes 110X220 x100,4.99,0.05,"['Mes marques Monoprix', 'Monoprix Maison', 'Papeterie', 'Correspondance']",Monoprix,True,False,false,,,100 par pack,[],https://courses.monoprix.fr/images-v3/0c44253f-c4a3-4340-9d37-d41e42b9d14a/96696ae7-314b-4178-8d80-3c504331a9df/300x300.jpg
"Maison, Loisirs et Textile",414df305-9d4b-4162-8f05-4e2f13ff4b45,MPX_2108131,"Bic 5 Stylos Billes Cristal, Encre Bleue",1.99,1.99,"['Maison, Loisirs et Textile', 'Salon et Bureau', 'Papeterie et Fournitures scolaires', 'Stylos, Crayons et Correction']",Bic,True,False,false,,,,[],https://courses.monoprix.fr/images-v3/0c44253f-c4a3-4340-9d37-d41e42b9d14a/b9ed21d6-64f1-4e66-8099-c136526494f1/300x300.jpg
"Maison, Loisirs et Textile",68e1f284-8d8c-4227-8e1a-bbbb51196145,MPX_804731,Alcool Gelifie 1 L Onyx Bricolage,7.49,7.49,"['Maison, Loisirs et Textile', 'Atelier Bricolage', 'Divers Bricolage']",ONYX BRICOLAGE,True,False,false,1.0,YEAR,,[],https://courses.monoprix.fr/images-v3/0c44253f-c4a3-4340-9d37-d41e42b9d14a/2106eeeb-f6e2-48b3-b101-a4b2e6c72adb/300x300.jpg
"Maison, Loisirs et Textile",9d6de58a-ad5e-491e-92dd-e74e897bf4fc,MPX_3476430,"Monoprix Maison 20 Serviettes, Motif Géométrique, 33X33Cm, Bleu Marine",3.5,3.5,"['Mes marques Monoprix', 'Monoprix Maison', 'Vaisselle jetable', 'Serviettes et Nappes']",MONOPRIX,True,False,false,,,,[],https://courses.monoprix.fr/images-v3/0c44253f-c4a3-4340-9d37-d41e42b9d14a/b5af3fa8-da80-4766-bd4c-5c8c93e42af7/300x300.jpg
"Maison, Loisirs et Textile",87851998-576f-40b0-ad0c-f08e70fef8f2,MPX_1121554,"Monoprix Maison 3 Cintres Blancs En Plastique, Crochet Tournant",3.5,3.5,"['Mes marques Monoprix', 'Monoprix Maison', 'Décoration', 'Penderie et Buanderie']",MONOPRIX,True,False,false,,,,[],https://courses.monoprix.fr/images-v3/0c44253f-c4a3-4340-9d37-d41e42b9d14a/cd270a22-4724-4c45-a91a-8df3acebcf3a/300x300.jpg
"Maison, Loisirs et Textile",aed136c0-735e-40b5-9a2b-1ae38dd4fc17,MPX_1965318,Clairefontaine Cahier à spirales 17X22cm Petits Carreaux 100 Pages,3.7,3.7,"['Maison, Loisirs et Textile', ""Chambre d'enfant et Jouets"", 'Papeterie et Fournitures scolaires', 'Cahiers, Carnets et Blocs']",CLAIREFONTAINE,True,False,false,,,,[],https://courses.monoprix.fr/images-v3/0c44253f-c4a3-4340-9d37-d41e42b9d14a/8afa0db1-1a77-4c66-9fbe-0392ea7b49b9/300x300.jpg
"Maison, Loisirs et Textile",fb6cd633-0fe4-427d-ae44-667a0148035e,MPX_2876152,"Monoprix Maison 20 Serviettes, Grise Et Rouge, 25X25Cm",3.99,3.99,"['Mes marques Monoprix', 'Monoprix Maison', 'Vaisselle jetable', 'Serviettes et Nappes']",MONOPRIX,True,False,false,,,,[],https://courses.monoprix.fr/images-v3/0c44253f-c4a3-4340-9d37-d41e42b9d14a/d1a825a2-7fde-412d-b589-3cddd1687461/300x300.jpg
"Maison, Loisirs et Textile",38253cff-3112-4293-9ba6-69abb520133c,MPX_886981,"Monoprix Maison Bougies Non Parfumées X10, Blanc",4.99,0.5,"['Entretien & Nettoyage', 'Désodorisant et Insecticide', 'Désodorisant', 'Bougie']",Monoprix,True,False,false,,,10 par pack,[],https://courses.monoprix.fr/images-v3/0c44253f-c4a3-4340-9d37-d41e42b9d14a/f4f63514-38c6-4f69-b9a7-6be2e35e69e4/300x300.jpg
"Maison, Loisirs et Textile",594b97b8-d960-472d-924a-b95e311ad1c0,MPX_2233717,Scotch Ruban Adhésif Invisible Crystal 25M,3.4,3.4,"['Maison, Loisirs et Textile', 'Salon et Bureau', 'Papeterie et Fournitures scolaires', 'Colles, Adhésifs et Agrafes']",3M SCOTCH®,True,False,false,,,,[],https://courses.monoprix.fr/images-v3/0c44253f-c4a3-4340-9d37-d41e42b9d14a/e67bc30b-2fc5-4b3c-9130-801d57ec8a1c/300x300.jpg
"Maison, Loisirs et Textile",e4a142ae-705e-497d-be2f-a2bcbc402e06,MPX_51089,Uhu Pastilles Patafix Jaunes X80,3.8,3.8,"['Maison, Loisirs et Textile', 'Salon et Bureau', 'Papeterie et Fournitures scolaires', 'Colles, Adhésifs et Agrafes']",UHU,True,False,false,,,,[],https://courses.monoprix.fr/images-v3/0c44253f-c4a3-4340-9d37-d41e42b9d14a/c1f388fe-0eef-4066-8ce5-85012c1b06c8/300x300.jpg
"Maison, Loisirs et Textile",463ef247-eb17-4bfd-bc4f-5b9c978d860f,MPX_3032798,"Françoise Paviot 20 Serviettes, Poisson, Bleu Et Blanc, 25X25Cm",3.99,3.99,"['Maison, Loisirs et Textile', 'Vaisselle et ustensiles de cuisine', 'Vaisselle jetable', 'Serviettes en papier']",FRANCOISE PAVIOT,True,False,false,,,,[],https://courses.monoprix.fr/images-v3/0c44253f-c4a3-4340-9d37-d41e42b9d14a/31f896af-40f3-4220-9cc8-c4e65dbbb614/300x300.jpg
"Maison, Loisirs et Textile",296b0d65-16a9-4f42-961e-bb2222aa1910,MPX_3564567,Monoprix Maison Lot De 3 Cintres Tournants En Plastique,3.5,3.5,"['Mes marques Monoprix', 'Monoprix Maison', 'Décoration', 'Penderie et Buanderie']",MONOPRIX,True,False,false,,,,[],https://courses.monoprix.fr/images-v3/0c44253f-c4a3-4340-9d37-d41e42b9d14a/dc56c94c-033f-4025-a5d1-75d3e3c0dcfd/300x300.jpg
"Maison, Loisirs et Textile",fc2061c0-992e-434d-a9ae-4d298efb33fc,MPX_1577401,Terreau Rempotage Nutriflore 6 Litres,5.5,5.5,"['Maison, Loisirs et Textile', 'Jardin et Extérieur', 'Jardinage']",TERRE ET NATURE,True,False,false,,,,[],https://courses.monoprix.fr/images-v3/0c44253f-c4a3-4340-9d37-d41e42b9d14a/2006cdcc-ddd9-4cfe-b3fc-5e037fc07a34/300x300.jpg
"Maison, Loisirs et Textile",7bf73187-1aa5-41c3-a931-16cd6f0f6056,MPX_2508001,Uhu Ruban D'Emballage Rollafix Transparent 50Mm X 50M,2.99,2.99,"['Maison, Loisirs et Textile', 'Atelier Bricolage', 'Rubans adhésifs']",UHU,True,False,false,,,,[],https://courses.monoprix.fr/images-v3/0c44253f-c4a3-4340-9d37-d41e42b9d14a/8160225e-8d8d-41cf-a9fd-7fcb0438e6f3/300x300.jpg
"Maison, Loisirs et Textile",7de4f309-6079-42cd-9b65-5b2b493941ce,MPX_2587783,Monoprix Bougie Non Parfumée,2.99,2.99,"['Entretien & Nettoyage', 'Désodorisant et Insecticide', 'Désodorisant', 'Bougie']",Monoprix,True,False,false,,,,[],https://courses.monoprix.fr/images-v3/0c44253f-c4a3-4340-9d37-d41e42b9d14a/7fd1d0ea-d964-4405-85ea-6affa27c94be/300x300.jpg
"Maison, Loisirs et Textile",29d85c52-d322-4541-8b9f-717ae48632dc,MPX_3342525,"Monoprix Maison 20 Serviettes, Imprimé Yukata, 33X33Cm, Blanc",3.5,3.5,"['Mes marques Monoprix', 'Monoprix Maison', 'Vaisselle jetable', 'Serviettes et Nappes']",MONOPRIX,True,False,false,,,,[],https://courses.monoprix.fr/images-v3/0c44253f-c4a3-4340-9d37-d41e42b9d14a/a04146e6-f116-42fc-91f5-e7d8d7cb1a3d/300x300.jpg
"Maison, Loisirs et Textile",1f390519-1850-46dd-a981-dc12cf372bfd,MPX_35280,Scotch Ruban Adhésif Invisible Crystal + Dévidoir,3.99,3.99,"['Maison, Loisirs et Textile', 'Atelier Bricolage', 'Rubans adhésifs']",Scotch®,True,False,false,,,,[],https://courses.monoprix.fr/images-v3/0c44253f-c4a3-4340-9d37-d41e42b9d14a/ca748be0-e899-49fc-a725-197d2db9f058/300x300.jpg
"Maison, Loisirs et Textile",7b9bbd69-bba1-476f-b52f-50af76688840,MPX_3138239,SOLSOL6-Terreau Universel SOLDOR 6 L,5.5,5.5,"['Maison, Loisirs et Textile', 'Jardin et Extérieur', 'Jardinage']",SOLDOR,True,False,false,,,,[],https://courses.monoprix.fr/images-v3/0c44253f-c4a3-4340-9d37-d41e42b9d14a/e130f8e7-5cde-4f43-9fc1-a2a8f3a362e1/300x300.jpg
"Maison, Loisirs et Textile",66ca6cc1-96d2-4f83-9b14-2ede7c6245e6,MPX_1557863,Monoprix Maison Verre Série Multiperpose,3.19,3.19,"['Maison, Loisirs et Textile', 'Vaisselle et ustensiles de cuisine', 'Arts de la table et Vaisselle', 'Verres et Gobelets']",PASABAHCE,True,False,false,,,,[],https://courses.monoprix.fr/images-v3/0c44253f-c4a3-4340-9d37-d41e42b9d14a/3eaf9807-73f0-4b35-808a-a36a8e1cb9f6/300x300.jpg
"Maison, Loisirs et Textile",06d7b4e5-9043-46bc-99aa-b946c932264a,MPX_3342933,Monoprix Copies Doubles Perforées x200,3.99,0.02,"['Mes marques Monoprix', 'Monoprix Maison', 'Papeterie', 'Cahiers, Carnets et Blocs']",Monoprix,True,False,false,,,200 par pack,[],https://courses.monoprix.fr/images-v3/0c44253f-c4a3-4340-9d37-d41e42b9d14a/9e37bfd1-63d1-4d16-b6de-8690fcd22089/300x300.jpg
"Maison, Loisirs et Textile",4bb04e66-d76b-40d1-a441-cbe021fcfe6e,MPX_4028145,Duracell Pile Spéciale Cr2032 X4,13.5,3.38,"['Maison, Loisirs et Textile', 'Piles et Ampoules', 'Piles', 'Autres piles']",Duracell,True,False,false,1.0,YEAR,4 par pack,[],https://courses.monoprix.fr/images-v3/0c44253f-c4a3-4340-9d37-d41e42b9d14a/b092397b-6758-41ce-a4ff-9007b3e076bc/300x300.jpg
"Maison, Loisirs et Textile",4f34353f-6316-4532-8a4d-db931fdf1961,MPX_3563839,Luminarc Gobelet Funambule 27cl,2.19,2.19,"['Maison, Loisirs et Textile', 'Vaisselle et ustensiles de cuisine', 'Arts de la table et Vaisselle', 'Verres et Gobelets']",LUMINARC,True,False,false,,,,[],https://courses.monoprix.fr/images-v3/0c44253f-c4a3-4340-9d37-d41e42b9d14a/111e08f6-f492-4318-ba66-02260cdc300d/300x300.jpg
"Maison, Loisirs et Textile",cee0d463-3c59-411d-90e9-034c74edde9f,MPX_2876153,"Monoprix 20 Serviettes, Grise Et Rouge, 40X40Cm",6.99,6.99,"['Mes marques Monoprix', 'Monoprix Maison', 'Vaisselle jetable', 'Serviettes et Nappes']",MONOPRIX,True,False,false,,,,[],https://courses.monoprix.fr/images-v3/0c44253f-c4a3-4340-9d37-d41e42b9d14a/dca1d2e9-a03a-448f-8b42-56409e70c038/300x300.jpg
"Maison, Loisirs et Textile",fdff77fa-388c-4274-9eeb-37b41e556c35,MPX_2726200,Monoprix Cuillère En Bois,2.5,2.5,"['Mes marques Monoprix', 'Monoprix Maison', 'Ustensiles de cuisine', 'Accessoires et Ustensiles']",Monoprix,True,False,false,,,,[],https://courses.monoprix.fr/images-v3/0c44253f-c4a3-4340-9d37-d41e42b9d14a/59b023cf-c0ff-489b-ab76-3e762d69493d/300x300.jpg
"Maison, Loisirs et Textile",f0558550-8240-4fa9-b9c1-f1be0a6cd162,MPX_3729274,Monoprix Maison 15 Cierges Étincelants,5.5,5.5,"['Mes marques Monoprix', 'Monoprix Maison', 'Jouets', 'Anniversaire']",Monoprix,True,False,false,,,,[],https://courses.monoprix.fr/images-v3/0c44253f-c4a3-4340-9d37-d41e42b9d14a/980f817e-bc2c-4d3b-907b-f0a13edec5d5/300x300.jpg
"Maison, Loisirs et Textile",29e5ba31-fdc5-42f3-9d25-be2458fcf816,MPX_1421452,Monoprix 12 Elastiques moyens,3.9,3.9,"['Maison, Loisirs et Textile', 'Salle de bain et Buanderie', 'Accessoires pour cheveux et mains']",MONOPRIX ACCESSOIRES,True,False,false,1.0,YEAR,,[],https://courses.monoprix.fr/images-v3/0c44253f-c4a3-4340-9d37-d41e42b9d14a/b12c1c89-4554-48fd-86ad-7ced5e80be06/300x300.jpg
"Maison, Loisirs et Textile",39fc1ea0-eabd-4d0c-9d6b-0e4cc109f1bf,MPX_2587766,Monoprix Bougies Non Parfumées x4,4.2,1.05,"['Mes marques Monoprix', 'Monoprix Maison', 'Décoration', 'Bougies et Allumettes']",Monoprix,True,False,false,,,4 par pack,[],https://courses.monoprix.fr/images-v3/0c44253f-c4a3-4340-9d37-d41e42b9d14a/a2a7f201-b0fa-4eaf-9f69-f2a74cac7795/300x300.jpg
"Maison, Loisirs et Textile",bfa41b66-b309-4b77-8332-220ff3ce658c,MPX_2618299,"Françoise Paviot 20 Serviettes Paon Vert, 40X40Cm",6.99,6.99,"['Maison, Loisirs et Textile', 'Vaisselle et ustensiles de cuisine', 'Vaisselle jetable', 'Serviettes en papier']",FRANCOISE PAVIOT,True,False,false,,,,[],https://courses.monoprix.fr/images-v3/0c44253f-c4a3-4340-9d37-d41e42b9d14a/ac6cae54-4d93-471b-8c79-93bfdf632725/300x300.jpg
"Maison, Loisirs et Textile",f4778feb-8e16-4cf9-b266-2e82d569f272,MPX_2425465,"Françoise Paviot 20 Serviettes, Intissé Noir, 40X40Cm",6.99,6.99,"['Maison, Loisirs et Textile', 'Vaisselle et ustensiles de cuisine', 'Vaisselle jetable', 'Serviettes en papier']",FRANCOISE PAVIOT,True,False,false,,,,[],https://courses.monoprix.fr/images-v3/0c44253f-c4a3-4340-9d37-d41e42b9d14a/a0e178c8-c75a-4e23-ad09-91dbb89825be/300x300.jpg
"Maison, Loisirs et Textile",b21a137c-3f21-4e20-9836-ab31a05c93b8,MPX_4198743,Duracell Plus Piles Alcalines Aaa 1.5V Lr03 Mn2400 Paquet De 6,9.09,9.09,"['Maison, Loisirs et Textile', 'Piles et Ampoules', 'Piles', 'LR03 - AAA']",Duracell,True,False,false,1.0,YEAR,,[],https://courses.monoprix.fr/images-v3/0c44253f-c4a3-4340-9d37-d41e42b9d14a/21848998-689b-4aed-b68e-ef533bf47baf/300x300.jpg
"Maison, Loisirs et Textile",8b977da2-479f-4755-9f5d-8861d4fd004d,MPX_2108133,"Bic 5 Stylos-Billes Cristal, Encre Noire",1.99,0.4,"['Maison, Loisirs et Textile', 'Salon et Bureau', 'Papeterie et Fournitures scolaires', 'Stylos, Crayons et Correction']",Bic,True,False,false,,,5 par pack,[],https://courses.monoprix.fr/images-v3/0c44253f-c4a3-4340-9d37-d41e42b9d14a/79702c81-6fd1-4bbc-b283-3e27909088b9/300x300.jpg
"Maison, Loisirs et Textile",31d77a71-b2f8-4781-80b2-aaab79eae1a1,MPX_1743232,"Uhu 2 Bâtons De Colle Stic, 21Gr",4.6,4.6,"['Maison, Loisirs et Textile', ""Chambre d'enfant et Jouets"", 'Papeterie et Fournitures scolaires', 'Colles, Adhésifs et Agrafes']",UHU,True,False,false,,,,[],https://courses.monoprix.fr/images-v3/0c44253f-c4a3-4340-9d37-d41e42b9d14a/bfbc1dd0-d706-415e-8eea-3598f322a0ac/300x300.jpg
"Maison, Loisirs et Textile",96d776b7-000a-4394-a4f2-5a0a2a0dd79a,MPX_2022886,"Luminarc Boîte En Verre Rectangulaire, 82Cl, 4 Clips",8.99,8.99,"['Maison, Loisirs et Textile', 'Vaisselle et ustensiles de cuisine', 'Ustensiles et Rangements', 'Boîtes et Conservation']",Luminarc,True,False,false,,,,[],https://courses.monoprix.fr/images-v3/0c44253f-c4a3-4340-9d37-d41e42b9d14a/8697b431-843a-4b11-a769-0d0892f6095b/300x300.jpg
"Maison, Loisirs et Textile",6bbc8275-fd1a-4c72-b09c-78fd4ee48415,MPX_2159169,La Brosse Et Dupont Rech Brosse Adhesive,2.9,2.9,"['Maison, Loisirs et Textile', 'Salle de bain et Buanderie', 'Mercerie', 'Fils, Aiguilles et Accessoires']",Prima,True,False,false,,,,[],https://courses.monoprix.fr/images-v3/0c44253f-c4a3-4340-9d37-d41e42b9d14a/76a2ec03-1d9d-4ae4-9f03-d1bfc8bf5990/300x300.jpg
"Maison, Loisirs et Textile",f482b4c6-8d25-4376-8fa0-d6d675b048de,MPX_3525024,Lamy 2 Cartouches D'Encre Bleue Effaçables,2.1,2.1,"['Maison, Loisirs et Textile', 'Salon et Bureau', 'Multimédia et Informatique', ""Cartouches d'impression et Papiers""]",LAMY,True,False,false,,,,[],https://courses.monoprix.fr/images-v3/0c44253f-c4a3-4340-9d37-d41e42b9d14a/1795be0e-55ea-44d8-8177-2db72fa31703/300x300.jpg
"Maison, Loisirs et Textile",9190fa51-1312-4967-b219-7b60c56baef4,MPX_4079737,Monoprix 21 Limes Émeri Petit Modèle Avec Bâtonnet Manicure,3.99,3.99,"['Hygiène & Beauté', 'Soins du corps', 'Soins des mains et des pieds', 'Accessoires']",Monoprix Accessoires,True,False,false,,,,[],https://courses.monoprix.fr/images-v3/0c44253f-c4a3-4340-9d37-d41e42b9d14a/a51591c1-8387-4590-93eb-f68a9327e657/300x300.jpg
"Maison, Loisirs et Textile",84d4cc50-8a7f-4bee-ae36-2eda22ebbe5b,MPX_2579265,Brita 3 Filtres Pour Carafe Fill & Serve,14.99,14.99,"['Maison, Loisirs et Textile', 'Vaisselle et ustensiles de cuisine', 'Arts de la table et Vaisselle', 'Carafes et Pichets']",BRITA,True,False,false,,,,[],https://courses.monoprix.fr/images-v3/0c44253f-c4a3-4340-9d37-d41e42b9d14a/b0f19758-a1f0-4c6a-86ef-205919cf248d/300x300.jpg
"Maison, Loisirs et Textile",46b292fa-b965-4742-b5ff-160646cce555,MPX_49977,"Clairefontaine 100 Copies Doubles A4, Grands Carreaux, 90Gr/M²",4.3,4.3,"['Maison, Loisirs et Textile', ""Chambre d'enfant et Jouets"", 'Papeterie et Fournitures scolaires', 'Cahiers, Carnets et Blocs']",CLAIREFONTAINE,True,False,false,,,,[],https://courses.monoprix.fr/images-v3/0c44253f-c4a3-4340-9d37-d41e42b9d14a/c4d25b55-7c3a-43a6-80c4-1118dfb383c4/300x300.jpg
"Maison, Loisirs et Textile",804a2f56-2aa8-48ce-809a-76e94c46d592,MPX_126712,"Clairefontaine Cahier 17X22Cm, Grands Carreaux, 48 Pages, 90Gr/M²",1.3,1.3,"['Maison, Loisirs et Textile', 'Salon et Bureau', 'Papeterie et Fournitures scolaires', 'Cahiers, Carnets et Blocs']",CLAIREFONTAINE,True,False,false,,,,[],https://courses.monoprix.fr/images-v3/0c44253f-c4a3-4340-9d37-d41e42b9d14a/52cf2967-4432-4721-9c37-d8bf45fd0f20/300x300.jpg
"Maison, Loisirs et Textile",ac6ed479-030c-4a8e-bac9-b32fa5130eb6,MPX_2441266,Monoprix Maison Élastiques En Caoutchouc,1.99,1.99,"['Mes marques Monoprix', 'Monoprix Maison', 'Papeterie', 'Fournitures scolaires et Bureau']",MONOPRIX,True,False,false,,,,[],https://courses.monoprix.fr/images-v3/0c44253f-c4a3-4340-9d37-d41e42b9d14a/809d0843-21b2-4a92-83f5-a26751c25d31/300x300.jpg
"Maison, Loisirs et Textile",eb190184-245e-453c-8e9b-b7cb79c12a84,MPX_3524948,Bic Velleda Feutres Effaçables À Sec X4,4.4,4.4,"['Maison, Loisirs et Textile', 'Salon et Bureau', 'Papeterie et Fournitures scolaires', 'Stylos, Crayons et Correction']",Bic,True,False,false,,,,[],https://courses.monoprix.fr/images-v3/0c44253f-c4a3-4340-9d37-d41e42b9d14a/a82e4c8a-c85e-437b-8bcc-1118afe9b0e0/300x300.jpg
"Maison, Loisirs et Textile",db79a214-874f-464a-bc9a-a12065b02a39,MPX_3032804,"Françoise Paviot 20 Serviettes Perroquet Turquoise, 25X25Cm",3.99,3.99,"['Maison, Loisirs et Textile', 'Vaisselle et ustensiles de cuisine', 'Vaisselle jetable', 'Serviettes en papier']",FRANCOISE PAVIOT,True,False,false,,,,[],https://courses.monoprix.fr/images-v3/0c44253f-c4a3-4340-9d37-d41e42b9d14a/e4805dd5-3106-484d-a7b4-9e62c8c9d647/300x300.jpg
"Maison, Loisirs et Textile",f07aa6fd-732b-45f9-a8ec-72c438153f93,MPX_1836782,Monoprix Ballons Métallisés x15,4.5,0.3,"['Nos sélections', 'Boutique Enfants', ""Décoration et vaisselle d'anniversaire""]",Monoprix,True,False,false,,,15 par pack,[],https://courses.monoprix.fr/images-v3/0c44253f-c4a3-4340-9d37-d41e42b9d14a/7d397145-b404-4039-a440-9af4c4cb8774/300x300.jpg
"Maison, Loisirs et Textile",be20aabd-226d-494c-9902-cf7fe0be0bf1,MPX_3356088,Energizer 2 Piles Lr14/C2 Max Plus,6.49,6.49,"['Maison, Loisirs et Textile', 'Piles et Ampoules', 'Piles', 'LR14 - C']",Energizer,True,False,false,,,,[],https://courses.monoprix.fr/images-v3/0c44253f-c4a3-4340-9d37-d41e42b9d14a/b4b1b09f-c2a9-44dc-9f78-611ffb3f5bb0/300x300.jpg
"Maison, Loisirs et Textile",44db1682-bf8a-4bd1-8d2a-2a960fdc7006,MPX_2923656,Post-It 6 Blocs Notes Super Sticky - Post-It Rio,9.99,9.99,"['Maison, Loisirs et Textile', 'Salon et Bureau', 'Papeterie et Fournitures scolaires', 'Cahiers, Carnets et Blocs']",Post-It,True,False,false,,,,[],https://courses.monoprix.fr/images-v3/0c44253f-c4a3-4340-9d37-d41e42b9d14a/987e2ad3-249c-4c38-adcb-009da72a3ee1/300x300.jpg
"Maison, Loisirs et Textile",1d6694fc-edad-40a3-a46e-7cb995651207,MPX_2587034,"Françoise Paviot 20 Serviettes Zèbre, 25X25Cm",3.99,3.99,"['Maison, Loisirs et Textile', 'Vaisselle et ustensiles de cuisine', 'Vaisselle jetable', 'Serviettes en papier']",FRANCOISE PAVIOT,True,False,false,,,,[],https://courses.monoprix.fr/images-v3/0c44253f-c4a3-4340-9d37-d41e42b9d14a/3dd7b459-5ff0-426f-be55-ef47413e14c3/300x300.jpg
"Maison, Loisirs et Textile",3dba5b19-dd25-4692-b52a-3509af4ffc57,MPX_3728826,Bordet Freres Charbon de Bois Haut de Gamme 4Kg,8.99,8.99,"['Maison, Loisirs et Textile', 'Jardin et Extérieur', 'Barbecue et Charbon de bois']",BORDET,True,False,false,,,,[],https://courses.monoprix.fr/images-v3/0c44253f-c4a3-4340-9d37-d41e42b9d14a/ca43baba-59ba-473b-82fc-48b153714502/300x300.jpg
"Maison, Loisirs et Textile",4e4bd545-5d25-4c02-9fa2-d5edf0d127b8,MPX_3222185,Monoprix Maison Verre Marocain - Grand Modèle,4.99,4.99,"['Maison, Loisirs et Textile', 'Vaisselle et ustensiles de cuisine', 'Arts de la table et Vaisselle', 'Verres et Gobelets']",NoBrand,True,False,false,,,,[],https://courses.monoprix.fr/images-v3/0c44253f-c4a3-4340-9d37-d41e42b9d14a/b61cdc6c-4a67-459c-ad35-997d17415cbb/300x300.jpg
"Maison, Loisirs et Textile",a24d7b8e-faf1-4775-bee6-1ca0869bea63,MPX_3671957,Apli Pochette De 24 Étiquettes Adhésives,1.5,1.5,"['Maison, Loisirs et Textile', 'Salon et Bureau', 'Papeterie et Fournitures scolaires', 'Classement et Rangements']",APLI,True,False,false,,,,[],https://courses.monoprix.fr/images-v3/0c44253f-c4a3-4340-9d37-d41e42b9d14a/ee83ff63-7e55-4d62-955d-115ec3366d0a/300x300.jpg
"Maison, Loisirs et Textile",ee512cb6-5480-42e6-8ea7-4a6dace4522c,MPX_2233716,Scotch® Scotch Recharge Ruban Adhésif Magic Tape 25Mx19Mm,3.8,3.8,"['Maison, Loisirs et Textile', 'Salon et Bureau', 'Papeterie et Fournitures scolaires', 'Colles, Adhésifs et Agrafes']",Scotch®,True,False,false,,,,[],https://courses.monoprix.fr/images-v3/0c44253f-c4a3-4340-9d37-d41e42b9d14a/957fc27c-617d-448c-9e93-88071b401a38/300x300.jpg
"Maison, Loisirs et Textile",c6f28dfc-4353-45a9-8870-2da9efc5bf2c,MPX_1348574,Bic Marqueur Permanent Noir,1.99,1.99,"['Maison, Loisirs et Textile', 'Salon et Bureau', 'Papeterie et Fournitures scolaires', 'Dessin et Peinture']",Bic,True,False,false,,,,[],https://courses.monoprix.fr/images-v3/0c44253f-c4a3-4340-9d37-d41e42b9d14a/8deb9cbc-0ff3-4249-9c67-734c1443b08e/300x300.jpg
"Maison, Loisirs et Textile",4c66ec54-e4b3-4b1b-a54b-ddfd65a78f6b,MPX_8557,Bic Stylo Bille 4 Couleurs,2.3,2.3,"['Maison, Loisirs et Textile', 'Salon et Bureau', 'Papeterie et Fournitures scolaires', 'Stylos, Crayons et Correction']",BIC,True,False,false,,,,[],https://courses.monoprix.fr/images-v3/0c44253f-c4a3-4340-9d37-d41e42b9d14a/301a87d0-afcc-4c78-9512-acf9ba88dcf1/300x300.jpg
"Maison, Loisirs et Textile",9b3fdf96-838f-4194-8c1f-c32bea5f9166,MPX_2712328,"Monoprix Maison Ficelle De Cuisine, 80M",2.99,2.99,"['Mes marques Monoprix', 'Monoprix Maison', 'Ustensiles de cuisine', 'Accessoires et Ustensiles']",Monoprix Maison,True,False,false,,,,[],https://courses.monoprix.fr/images-v3/0c44253f-c4a3-4340-9d37-d41e42b9d14a/6891441e-f599-4036-b234-12e39c5fed2c/300x300.jpg
"Maison, Loisirs et Textile",014a9d71-0ad7-4d03-801f-402eb2ad7c8f,MPX_3705988,Monoprix Maison Cintre Pince - Noir,3.99,3.99,"['Mes marques Monoprix', 'Monoprix Maison', 'Décoration', 'Penderie et Buanderie']",MONOPRIX,True,False,false,,,,[],https://courses.monoprix.fr/images-v3/0c44253f-c4a3-4340-9d37-d41e42b9d14a/bf2e0180-ec8e-45ab-b37b-ac441d123aa4/300x300.jpg
"Maison, Loisirs et Textile",0113ddce-3ec8-4cf8-bdfc-f9c3e3878a46,MPX_3181433,Monoprix Femme Mi-Bas Opaques x2 Noir,4.99,106.17,"['Maison, Loisirs et Textile', 'Basiques Textile', 'Femme - Chaussettes', 'Mi-Bas']",MONOPRIX FEMME,True,False,false,,,0.047kg,[],https://courses.monoprix.fr/images-v3/0c44253f-c4a3-4340-9d37-d41e42b9d14a/e493bb22-a573-490d-b51f-f6743afd1071/300x300.jpg
"Maison, Loisirs et Textile",f460076a-3b74-4b6e-b9ea-27554b2acad0,MPX_3742944,"Le Parfait Bocal 0,5L",4.99,4.99,"['Maison, Loisirs et Textile', 'Vaisselle et ustensiles de cuisine', 'Ustensiles et Rangements', 'Boîtes et Conservation']",LE PARFAIT,True,False,false,,,,[],https://courses.monoprix.fr/images-v3/0c44253f-c4a3-4340-9d37-d41e42b9d14a/747b6fad-552a-495f-8354-3e77d470ded0/300x300.jpg
"Maison, Loisirs et Textile",d9d1c55c-4ed9-4011-9a0b-d52f54d51597,MPX_4198725,"Duracell Piles Alcalines Type C 1,5V Lr14 x25",10.49,0.42,"['Maison, Loisirs et Textile', 'Piles et Ampoules', 'Piles', 'LR14 - C']",Duracell,True,False,false,1.0,YEAR,25 par pack,[],https://courses.monoprix.fr/images-v3/0c44253f-c4a3-4340-9d37-d41e42b9d14a/24cd9ddc-6b14-4ee6-abd5-d6c6f8b13669/300x300.jpg
"Maison, Loisirs et Textile",52991cf3-0f02-49e1-a490-6e73bdfef58c,MPX_3576282,Monoprix Maison Torchon,6.5,51.59,"['Mes marques Monoprix', 'Monoprix Maison', 'Linge de maison', 'Linge de cuisine']",MONOPRIX,True,False,false,,,0.126kg,[],https://courses.monoprix.fr/images-v3/0c44253f-c4a3-4340-9d37-d41e42b9d14a/b03484c4-0216-43f1-9a9a-e65732a22fb1/300x300.jpg
"Maison, Loisirs et Textile",ad890a01-f2ea-434f-a0ef-ca08ad89ce43,MPX_1510173,"Plast Team Boîte Pour Congélateur Et Micro-Onde 0,9L, 4 Clips",3.99,3.99,"['Maison, Loisirs et Textile', 'Vaisselle et ustensiles de cuisine', 'Ustensiles et Rangements', 'Boîtes et Conservation']",Monoprix,True,False,false,,,,[],https://courses.monoprix.fr/images-v3/0c44253f-c4a3-4340-9d37-d41e42b9d14a/6890f130-d648-43fc-91bd-081211250846/300x300.jpg
"Maison, Loisirs et Textile",83f74fa4-c9e2-47f8-ab8c-d88661b23b1b,MPX_4079772,Monoprix Brosse à Ongles x1,3.99,3.99,"['Hygiène & Beauté', 'Soins du corps', 'Soins des mains et des pieds', 'Accessoires']",Monoprix Accessoires,True,False,false,,,,[],https://courses.monoprix.fr/images-v3/0c44253f-c4a3-4340-9d37-d41e42b9d14a/e596df06-5c33-47cf-b127-9b048bbe29fb/300x300.jpg
"Maison, Loisirs et Textile",58e06a8d-136e-4782-aa1c-404fcc0e01d5,MPX_2712309,Monoprix Ciseaux 19.5Cm,6.5,6.5,"['Mes marques Monoprix', 'Monoprix Maison', 'Ustensiles de cuisine', 'Accessoires et Ustensiles']",Monoprix,True,False,false,,,,[],https://courses.monoprix.fr/images-v3/0c44253f-c4a3-4340-9d37-d41e42b9d14a/edd2a8c1-a2eb-422b-9e6f-c16e1796b460/300x300.jpg
"Maison, Loisirs et Textile",909922db-3dfa-4f46-b32a-3f8834b50720,MPX_3342930,"Monoprix Maison 200 Feuilles Simples, A4, Grands Carreaux, 80Gr/M²",3.99,3.99,"['Mes marques Monoprix', 'Monoprix Maison', 'Papeterie', 'Cahiers, Carnets et Blocs']",MONOPRIX,True,False,false,,,,[],https://courses.monoprix.fr/images-v3/0c44253f-c4a3-4340-9d37-d41e42b9d14a/5146fc95-1100-4c84-bbae-7fb2ff7ff267/300x300.jpg
"Maison, Loisirs et Textile",04587371-7f9e-41d6-b2b8-f57479566c90,MPX_3034131,"Monoprix Maison Eplucheur, Manche Bois Noir",4.99,4.99,"['Maison, Loisirs et Textile', 'Vaisselle et ustensiles de cuisine', 'Ustensiles et Rangements', 'Autres ustensiles']",NOGENT,True,False,false,,,,[],https://courses.monoprix.fr/images-v3/0c44253f-c4a3-4340-9d37-d41e42b9d14a/8375eb0e-8d44-49e6-973e-9b2855b564f1/300x300.jpg
"Maison, Loisirs et Textile",19a7cdc4-7e0c-46cd-8228-f52652a69125,MPX_3251915,"Clairefontaine feuilles A4, blanches, 90g/m²",7.99,7.99,"['Maison, Loisirs et Textile', 'Salon et Bureau', 'Papeterie et Fournitures scolaires', 'Cahiers, Carnets et Blocs']",CLAIREFONTAINE,True,False,false,,,,[],https://courses.monoprix.fr/images-v3/0c44253f-c4a3-4340-9d37-d41e42b9d14a/2e967b18-d1bd-4729-aa0f-c039013456f5/300x300.jpg
"Maison, Loisirs et Textile",1114c28c-2576-4d8e-b042-0195f7b4134c,MPX_2339157,"Luminarc Boîte En Verre Carrée, 122Cl, 4 Clips",9.99,9.99,"['Maison, Loisirs et Textile', 'Vaisselle et ustensiles de cuisine', 'Ustensiles et Rangements', 'Boîtes et Conservation']",LUMINARC,True,False,false,1.0,YEAR,,[],https://courses.monoprix.fr/images-v3/0c44253f-c4a3-4340-9d37-d41e42b9d14a/46c7b089-ae77-4c9a-9d7e-5dace644efc3/300x300.jpg
"Maison, Loisirs et Textile",4539af5e-e88b-482e-8954-4b86cf1eba74,MPX_3343320,"Monoprix Maison 20 Serviettes Triple Épaisseur, Prunes, 40X40Cm",2.99,2.99,"['Mes marques Monoprix', 'Monoprix Maison', 'Vaisselle jetable', 'Serviettes et Nappes']",MONOPRIX,True,False,false,,,,[],https://courses.monoprix.fr/images-v3/0c44253f-c4a3-4340-9d37-d41e42b9d14a/5bcdce43-d909-431e-b1b0-6b711793f315/300x300.jpg
"Maison, Loisirs et Textile",143f7c9f-fd09-44eb-ac4c-c38de36f317a,MPX_3487826,"Monoprix Maison 20 Serviettes, Motif Héron, 33X33Cm, Rose",3.5,3.5,"['Mes marques Monoprix', 'Monoprix Maison', 'Vaisselle jetable', 'Serviettes et Nappes']",MONOPRIX,True,False,false,,,,[],https://courses.monoprix.fr/images-v3/0c44253f-c4a3-4340-9d37-d41e42b9d14a/d64c14e6-4a84-44d0-bab6-c6e281276a17/300x300.jpg
"Maison, Loisirs et Textile",9ac52a6a-ef39-41c3-a851-19f1bf2bf136,MPX_3648343,Téfal Poêle 24Cm Easy Cook & Clean,18.99,18.99,"['Maison, Loisirs et Textile', 'Vaisselle et ustensiles de cuisine', 'Ustensiles et Rangements', 'Poêles']",Téfal,True,False,false,,,,[],https://courses.monoprix.fr/images-v3/0c44253f-c4a3-4340-9d37-d41e42b9d14a/4adc92cb-33d7-4225-b734-8a417d628921/300x300.jpg
"Maison, Loisirs et Textile",2b6a049f-9ecf-4655-9127-00cab38445d4,MPX_3729431,Monoprix Bougies Mini Fleurs Blanches x20,3.99,0.2,"['Mes marques Monoprix', 'Monoprix Maison', 'Jouets', 'Anniversaire']",Monoprix,True,False,false,,,20 par pack,[],https://courses.monoprix.fr/images-v3/0c44253f-c4a3-4340-9d37-d41e42b9d14a/239b15eb-2d97-48bf-81a5-0875025c19a6/300x300.jpg
"Maison, Loisirs et Textile",3e9039a0-b90f-4f09-8253-0bb9c0221438,MPX_183611,Clairefontaine Cahier à spirales A4 Grands carreaux 100 pages,4.5,4.5,"['Maison, Loisirs et Textile', 'Salon et Bureau', 'Papeterie et Fournitures scolaires', 'Cahiers, Carnets et Blocs']",CLAIREFONTAINE,True,False,false,,,,[],https://courses.monoprix.fr/images-v3/0c44253f-c4a3-4340-9d37-d41e42b9d14a/986badc4-3983-455c-bf18-d56dbe756f25/300x300.jpg
"Maison, Loisirs et Textile",58a424e1-a170-4171-ae4c-fb75429edb1d,MPX_116598,"Collant Voile Galbé, Noir, 22D, Diam'S, DIM - T2",6.99,85.24,"['Maison, Loisirs et Textile', 'Basiques Textile', 'Femme - Collants', 'Sculptant']",Dim,True,False,false,,,0.082kg,[],https://courses.monoprix.fr/images-v3/0c44253f-c4a3-4340-9d37-d41e42b9d14a/7fc3c23c-7955-432c-9e0f-682d43c3fed0/300x300.jpg
"Maison, Loisirs et Textile",4a0ad7db-85d9-43c6-b346-f0bfc000c0e1,MPX_3671153,Maped Gomme Dessin Blister,1.1,1.1,"['Maison, Loisirs et Textile', 'Salon et Bureau', 'Papeterie et Fournitures scolaires', 'Dessin et Peinture']",Maped,True,False,false,,,,[],https://courses.monoprix.fr/images-v3/0c44253f-c4a3-4340-9d37-d41e42b9d14a/acdd5146-0fb6-454c-b783-8c92a95edcfb/300x300.jpg
"Maison, Loisirs et Textile",f10cae63-559f-4c3b-859c-4858ec8bf6da,MPX_30787,"Pyrex Classic Verre Mesureur 0,5L",7.99,7.99,"['Maison, Loisirs et Textile', 'Vaisselle et ustensiles de cuisine', 'Ustensiles et Rangements', 'Autres ustensiles']",Pyrex,True,False,false,,,,[],https://courses.monoprix.fr/images-v3/0c44253f-c4a3-4340-9d37-d41e42b9d14a/999f968a-c0c5-4b49-9dc3-f7305c342a4c/300x300.jpg
"Maison, Loisirs et Textile",dddd98a5-7be9-491d-b2d9-acb561669b58,MPX_1821904,DIM Collant Body Touch Opaque Noir - T3,11.99,11.99,"['Maison, Loisirs et Textile', 'Basiques Textile', 'Femme - Collants', 'Opaque']",DIM,True,False,false,,,,[],https://courses.monoprix.fr/images-v3/0c44253f-c4a3-4340-9d37-d41e42b9d14a/facfcfb7-2481-4291-9361-d642cf04eec5/300x300.jpg
"Maison, Loisirs et Textile",f0fb8b9c-8f99-4147-8ddd-a457957698c6,MPX_4198726,"Duracell Piles Alcalines Type D 1,5V Lr20 x2",6.29,3.15,"['Maison, Loisirs et Textile', 'Piles et Ampoules', 'Piles', 'LR20 - D']",Duracell,True,False,false,1.0,YEAR,2 par pack,[],https://courses.monoprix.fr/images-v3/0c44253f-c4a3-4340-9d37-d41e42b9d14a/a12c4876-f1b1-47a2-89ab-c20920d5750a/300x300.jpg
"Maison, Loisirs et Textile",3cbbf1df-8092-4ff7-93c1-ddffb2af07f3,MPX_2713028,Monoprix Flûtes Série Martina x2,6.99,3.5,"['Bière, Cave et Spiritueux', 'Cave à vins', 'Accessoires de vins']",Monoprix,True,False,false,,,2 par pack,[],https://courses.monoprix.fr/images-v3/0c44253f-c4a3-4340-9d37-d41e42b9d14a/ec4167b2-9229-4f07-a7b7-0eb2243c828d/300x300.jpg
"Maison, Loisirs et Textile",bf5c24f2-7f43-4ff1-bbda-3c9cd0fe7c50,MPX_3705987,Monoprix Maison Cintre En Bois Et Métal - Noir,3.5,3.5,"['Mes marques Monoprix', 'Monoprix Maison', 'Décoration', 'Penderie et Buanderie']",MONOPRIX,True,False,false,,,,[],https://courses.monoprix.fr/images-v3/0c44253f-c4a3-4340-9d37-d41e42b9d14a/cb44de9c-b116-4071-988e-42ecc473506b/300x300.jpg
"Maison, Loisirs et Textile",7db06d8c-589c-435c-8395-d3ddb4c03b1e,MPX_35956,"Reynolds 4 Effaçeurs Magic+, Pointe Fine Bleue Paper Mate",4.2,4.2,"['Maison, Loisirs et Textile', 'Salon et Bureau', 'Papeterie et Fournitures scolaires', 'Stylos, Crayons et Correction']",PAPERMATE,True,False,false,,,,[],https://courses.monoprix.fr/images-v3/0c44253f-c4a3-4340-9d37-d41e42b9d14a/b3954fdc-14c2-495d-b3e8-89b15e213ec1/300x300.jpg
"Maison, Loisirs et Textile",e20c185d-a919-420b-afdb-763d5191c52f,MPX_2587011,"Françoise Paviot Nappe Intissé, Blanc, 160X240Cm",12.99,12.99,"['Maison, Loisirs et Textile', 'Vaisselle et ustensiles de cuisine', 'Linge de table et Linge de cuisine', 'Nappes et Serviettes']",FRANCOISE PAVIOT,True,False,false,,,,[],https://courses.monoprix.fr/images-v3/0c44253f-c4a3-4340-9d37-d41e42b9d14a/5952e690-6813-4a70-8e1d-0ae5f77d30a9/300x300.jpg
"Maison, Loisirs et Textile",be9b68c7-c441-4bf7-9c57-6cfe5401aada,MPX_2022885,"Luminarc Boîte En Verre Rectangulaire, 197Cl, 4 Clips",13.99,13.99,"['Maison, Loisirs et Textile', 'Vaisselle et ustensiles de cuisine', 'Ustensiles et Rangements', 'Boîtes et Conservation']",LUMINARC,True,False,false,,,,[],https://courses.monoprix.fr/images-v3/0c44253f-c4a3-4340-9d37-d41e42b9d14a/ed5467e0-9a76-440d-a1fc-f5adcec0b9b9/300x300.jpg
"Maison, Loisirs et Textile",8a9caffe-47b0-45f3-9ad8-2ae473f029da,MPX_61757,"Exacompta Chemise En Carton 3 Rabats, Format A4",1.99,1.99,"['Maison, Loisirs et Textile', 'Salon et Bureau', 'Papeterie et Fournitures scolaires', 'Classement et Rangements']",Exacompta,True,False,false,,,,[],https://courses.monoprix.fr/images-v3/0c44253f-c4a3-4340-9d37-d41e42b9d14a/b71c46e9-59ee-4ec1-8b6d-2c77628dc8a1/300x300.jpg
"Maison, Loisirs et Textile",c8cef5ed-4ab1-4e29-b931-dce602739ef1,MPX_3010551,Monoprix Maison Assiette Plate Blanche 27Cm,3.5,3.5,"['Mes marques Monoprix', 'Monoprix Maison', 'Arts de la table', 'Assiettes']",MONOPRIX,True,False,false,,,,[],https://courses.monoprix.fr/images-v3/0c44253f-c4a3-4340-9d37-d41e42b9d14a/fd2487e1-afb5-47be-9892-3ba156e7144c/300x300.jpg
"Maison, Loisirs et Textile",1ef82823-41ca-40d8-9874-ffb656e73b83,MPX_3210390,Le Bourget Mi-Bas Voilance Resistant Beige x2 15D,5.99,5.99,"['Maison, Loisirs et Textile', 'Basiques Textile', 'Femme - Chaussettes', 'Mi-Bas']",Le Bourget,True,False,false,,,,[],https://courses.monoprix.fr/images-v3/0c44253f-c4a3-4340-9d37-d41e42b9d14a/674d82ef-1b0a-40a0-af05-f81fee1b18d8/300x300.jpg
"Maison, Loisirs et Textile",dfc9e83a-0b37-49ae-b105-40a498150baf,MPX_4198742,Duracell Plus Piles Alcalines AAA 1.5V LR03 x4,6.29,1.57,"['Maison, Loisirs et Textile', 'Piles et Ampoules', 'Piles', 'LR03 - AAA']",Duracell,True,False,false,1.0,YEAR,4 par pack,[],https://courses.monoprix.fr/images-v3/0c44253f-c4a3-4340-9d37-d41e42b9d14a/a8e91307-a126-469f-8754-5ab14dd9a081/300x300.jpg
"Maison, Loisirs et Textile",eeb52e68-b941-4ed4-bbd1-82c192e12dda,MPX_2047467,"Rubson 4 Recharges Pour Absorbeur D'Humidité, Aero 360° Tab",26.99,26.99,"['Maison, Loisirs et Textile', 'Atelier Bricolage', ""Absorbeurs d'humidité""]",Rubson,True,False,false,,,,[],https://courses.monoprix.fr/images-v3/0c44253f-c4a3-4340-9d37-d41e42b9d14a/840cfb42-cd80-457e-a286-a6a9ebf44f6f/300x300.jpg
"Maison, Loisirs et Textile",09c914e7-d61c-4236-8630-ba653c05e06d,MPX_2496156,"Monoprix Maison 10 Pochettes Plastiques, Incolores, Non Perforées",3.5,3.5,"['Mes marques Monoprix', 'Monoprix Maison', 'Papeterie', 'Classement et Rangement']",MONOPRIX,True,False,false,,,,[],https://courses.monoprix.fr/images-v3/0c44253f-c4a3-4340-9d37-d41e42b9d14a/229e2741-a434-4fa9-8910-86d9539d8bdd/300x300.jpg
"Maison, Loisirs et Textile",0c6123e7-657e-45e1-83ed-21494b36b12d,MPX_1172829,Scotch Ruban Adhésif Invisible Magic + Dévidoir,4.4,4.4,"['Maison, Loisirs et Textile', 'Salon et Bureau', 'Papeterie et Fournitures scolaires', 'Colles, Adhésifs et Agrafes']",Scotch®,True,False,false,,,,[],https://courses.monoprix.fr/images-v3/0c44253f-c4a3-4340-9d37-d41e42b9d14a/7307f4eb-01b9-47a2-8baa-51c2fcd116b5/300x300.jpg
"Maison, Loisirs et Textile",77310332-71d7-441a-970a-7fb020cb7e5f,MPX_126444,Acetone 1L Onyx Bricolage,6.99,6.99,"['Maison, Loisirs et Textile', 'Atelier Bricolage', 'Divers Bricolage']",ONYX BRICOLAGE,True,False,false,,,,[],https://courses.monoprix.fr/images-v3/0c44253f-c4a3-4340-9d37-d41e42b9d14a/b9bfb991-1c9d-4afc-83a7-27d639d85b5b/300x300.jpg
"Maison, Loisirs et Textile",5c775db6-e722-40cc-99d9-196e46a6121b,MPX_1908973,"Rubson 2 Recharges Pour Absorbeur D'Humidité, Sensation Pure",13.99,23.32,"['Maison, Loisirs et Textile', 'Atelier Bricolage', ""Absorbeurs d'humidité""]",Rubson,True,False,false,,,0.6L,[],https://courses.monoprix.fr/images-v3/0c44253f-c4a3-4340-9d37-d41e42b9d14a/cf4bf972-f0ed-4cfa-b778-04633ac113ae/300x300.jpg
"Maison, Loisirs et Textile",1e8c5a56-2e59-4fd4-b88b-5c94d45d7f74,MPX_2726135,Monoprix Spatule Bois Biseaute,3.5,3.5,"['Mes marques Monoprix', 'Monoprix Maison', 'Ustensiles de cuisine', 'Accessoires et Ustensiles']",Monoprix,True,False,false,,,,[],https://courses.monoprix.fr/images-v3/0c44253f-c4a3-4340-9d37-d41e42b9d14a/1efd4ee9-3ee1-486c-a4c7-9198a882ce24/300x300.jpg
"Maison, Loisirs et Textile",946a28bb-5d22-4617-8757-0875bba69bc0,MPX_1484098,"Gpv Enveloppes Blanches Détachables Précasées, Avec Rabat Autocollant, 110X220Mm",4.1,4.1,"['Maison, Loisirs et Textile', 'Salon et Bureau', 'Papeterie et Fournitures scolaires', 'Enveloppes et Cartes']",GPV Everyday,True,False,false,,,,[],https://courses.monoprix.fr/images-v3/0c44253f-c4a3-4340-9d37-d41e42b9d14a/ee436a1f-65eb-43dc-93bf-2b1266ede843/300x300.jpg
"Maison, Loisirs et Textile",05e32731-a99e-4a31-a94b-0130bd4af834,MPX_3835023,Monoprix Verre Mesureur,5.99,5.99,"['Maison, Loisirs et Textile', 'Vaisselle et ustensiles de cuisine', 'Ustensiles et Rangements', 'Autres ustensiles']",Monoprix,True,False,false,,,,[],https://courses.monoprix.fr/images-v3/0c44253f-c4a3-4340-9d37-d41e42b9d14a/9b04a7ad-3e84-4be3-9d4f-b3434c613ffd/300x300.jpg
"Maison, Loisirs et Textile",87390ebb-2ea1-420d-a927-2288887c9da1,MPX_3537744,Energizer Pile Alcaline Max 9V,5.49,5.49,"['Maison, Loisirs et Textile', 'Piles et Ampoules', 'Piles', 'Autres piles']",Energizer,True,False,false,1.0,YEAR,,[],https://courses.monoprix.fr/images-v3/0c44253f-c4a3-4340-9d37-d41e42b9d14a/d456f818-a96c-4a8a-ba29-4c4b212b0581/300x300.jpg
"Maison, Loisirs et Textile",d8cf86d7-0b83-458a-913b-f317914e6e80,MPX_2350224,"Tesa Ruban Adhésif Pour Carton, Emballage Rapide Et Très Solide",5.99,5.99,"['Maison, Loisirs et Textile', 'Atelier Bricolage', 'Rubans adhésifs']",TESA,True,False,false,,,,[],https://courses.monoprix.fr/images-v3/0c44253f-c4a3-4340-9d37-d41e42b9d14a/c3b36ebc-d9d6-4236-8374-7781994a50a1/300x300.jpg
"Maison, Loisirs et Textile",2c87e4c5-1ddd-4bc5-875d-2d3654554ae3,MPX_2199300,Serviettes Motif Noël 33X33Cm,3.5,3.5,"['Maison, Loisirs et Textile', 'Vaisselle et ustensiles de cuisine', 'Vaisselle jetable', 'Serviettes en papier']",MARQUE NATIONALE,True,False,false,,,,[],https://courses.monoprix.fr/images-v3/0c44253f-c4a3-4340-9d37-d41e42b9d14a/9b431ccd-f547-4a68-988c-ba677c0d0486/300x300.jpg
"Maison, Loisirs et Textile",8d159fe4-12ea-49c4-8032-d2b8dcbb7c3a,MPX_2216671,"Duralex 4 Gobelets, Série Picardie, 16Cl",6.99,6.99,"['Maison, Loisirs et Textile', 'Vaisselle et ustensiles de cuisine', 'Arts de la table et Vaisselle', 'Verres et Gobelets']",DURALEX PICARDIE,True,False,false,,,,[],https://courses.monoprix.fr/images-v3/0c44253f-c4a3-4340-9d37-d41e42b9d14a/2f74d6e7-91c0-46d0-8b16-ca4ecee09c90/300x300.jpg
"Maison, Loisirs et Textile",497ef5d9-d731-4880-afec-4bbe24a198d1,MPX_2259951,"Clairefontaine Carnet 9,5X14 Cm, Petits Carreaux, 100 Pages, 90Gr/M²",2.5,2.5,"['Maison, Loisirs et Textile', 'Salon et Bureau', 'Papeterie et Fournitures scolaires', 'Cahiers, Carnets et Blocs']",CLAIREFONTAINE,True,False,false,,,,[],https://courses.monoprix.fr/images-v3/0c44253f-c4a3-4340-9d37-d41e42b9d14a/41c376d9-ac29-4755-983e-a31ebefe2d50/300x300.jpg
"Maison, Loisirs et Textile",2db13b7b-5990-469b-aeab-2617bc454fe7,MPX_2074097,Scotch Adhésif Découpable À La Main,3.3,3.3,"['Maison, Loisirs et Textile', ""Chambre d'enfant et Jouets"", 'Papeterie et Fournitures scolaires', 'Colles, Adhésifs et Agrafes']",Scotch®,True,False,false,,,,[],https://courses.monoprix.fr/images-v3/0c44253f-c4a3-4340-9d37-d41e42b9d14a/02fa13b2-1100-4018-8f13-91a782536862/300x300.jpg
"Maison, Loisirs et Textile",9b64951d-65a7-4381-a94c-64840cfadabf,MPX_3729263,Monoprix Maison Bougie Chiffre 1,3.99,3.99,"['Mes marques Monoprix', 'Monoprix Maison', 'Jouets', 'Anniversaire']",Monoprix,True,False,false,,,,[],https://courses.monoprix.fr/images-v3/0c44253f-c4a3-4340-9d37-d41e42b9d14a/7a023d59-7264-4f07-8d02-1a0afe221c18/300x300.jpg
"Maison, Loisirs et Textile",b2cb2229-05a6-4293-9222-912184631c7c,MPX_3729275,Monoprix Bougies Mini Fleurs Bleues x20,4.99,0.25,"['Mes marques Monoprix', 'Monoprix Maison', 'Jouets', 'Anniversaire']",Monoprix,True,False,false,,,20 par pack,[],https://courses.monoprix.fr/images-v3/0c44253f-c4a3-4340-9d37-d41e42b9d14a/4bdfcb54-dba8-408c-ab06-584d5fb0df28/300x300.jpg
"Maison, Loisirs et Textile",e6ec20ea-706e-451a-a444-074ae0c932db,MPX_2639267,Energizer 4 Piles Lr06/Aa Alkaline Power,6.29,6.29,"['Maison, Loisirs et Textile', 'Piles et Ampoules', 'Piles', 'LR06 - AA']",Energizer,True,False,false,1.0,YEAR,,[],https://courses.monoprix.fr/images-v3/0c44253f-c4a3-4340-9d37-d41e42b9d14a/5a6256d5-c997-4b63-ad07-6ad3401897e9/300x300.jpg
"Maison, Loisirs et Textile",346094b7-1b23-45f6-8361-a56dd8676f52,MPX_2713010,Monoprix Verre À Vin x2,6.99,3.5,"['Bière, Cave et Spiritueux', 'Cave à vins', 'Accessoires de vins']",Monoprix,True,False,false,,,2 par pack,[],https://courses.monoprix.fr/images-v3/0c44253f-c4a3-4340-9d37-d41e42b9d14a/36e594cb-9be2-443f-9b26-82d50261d2d1/300x300.jpg
"Maison, Loisirs et Textile",8fd51959-dcc5-498e-9b39-3cc10fa6bd4e,MPX_3093497,"Monoprix Maison Nappe Unie Dorée, 160X240Cm",12.99,12.99,"['Maison, Loisirs et Textile', 'Vaisselle et ustensiles de cuisine', 'Linge de table et Linge de cuisine', 'Nappes et Serviettes']",MARQUE NATIONALE,True,False,false,,,,[],https://courses.monoprix.fr/images-v3/0c44253f-c4a3-4340-9d37-d41e42b9d14a/6c5004a6-e2d1-4820-b925-f6565e35771a/300x300.jpg
"Maison, Loisirs et Textile",f444980a-a444-4947-a7f0-aa58c73395ba,MPX_3671955,"Apli Pochette De 56 Étiquettes Blanches, 24X35Mm",2.5,2.5,"['Maison, Loisirs et Textile', 'Salon et Bureau', 'Papeterie et Fournitures scolaires', 'Classement et Rangements']",MARQUE NATIONALE,True,False,false,,,,[],https://courses.monoprix.fr/images-v3/0c44253f-c4a3-4340-9d37-d41e42b9d14a/eaff4a8f-72bf-4162-a7f4-4ed2c7b9b3ef/300x300.jpg
"Maison, Loisirs et Textile",977408f7-6339-48a8-b6f0-0030096126aa,MPX_1760939,Pilot Stylo À Encre Bleu Effaçable,2.99,2.99,"['Maison, Loisirs et Textile', 'Salon et Bureau', 'Papeterie et Fournitures scolaires', 'Stylos, Crayons et Correction']",Pilot,True,False,false,,,,[],https://courses.monoprix.fr/images-v3/0c44253f-c4a3-4340-9d37-d41e42b9d14a/a4af9048-de2d-42de-b33c-9d717ec9d2f3/300x300.jpg
"Maison, Loisirs et Textile",e3d37955-8684-4e3f-9c72-1eb664c999a1,MPX_3742945,Le Parfait Bocal 200Ml,2.99,2.99,"['Maison, Loisirs et Textile', 'Vaisselle et ustensiles de cuisine', 'Ustensiles et Rangements', 'Boîtes et Conservation']",LE PARFAIT,True,False,false,,,,[],https://courses.monoprix.fr/images-v3/0c44253f-c4a3-4340-9d37-d41e42b9d14a/fc4ff0a4-0e9a-4b65-b6db-fb02f29e3224/300x300.jpg
"Maison, Loisirs et Textile",a742f229-8db6-4c14-94f5-fde73b9c3e7c,MPX_3684769,Monoprix Maison Adhésif Transparent - 2 Recharges - 19X25,3.1,3.1,"['Mes marques Monoprix', 'Monoprix Maison', 'Papeterie', 'Fournitures scolaires et Bureau']",MONOPRIX,True,False,false,,,,[],https://courses.monoprix.fr/images-v3/0c44253f-c4a3-4340-9d37-d41e42b9d14a/b7a952df-566c-47bf-923d-92355810cdeb/300x300.jpg
"Maison, Loisirs et Textile",bf2a9f6d-86b3-4b0d-9dcf-317a39f2c559,MPX_2047475,Pattex Colle Forte Contact Transparent,3.75,3.75,"['Maison, Loisirs et Textile', 'Atelier Bricolage', 'Colles fortes']",Pattex,True,False,false,,,,[],https://courses.monoprix.fr/images-v3/0c44253f-c4a3-4340-9d37-d41e42b9d14a/8cc0c1f2-6b0b-4693-bea7-ce6747bcbd59/300x300.jpg
"Maison, Loisirs et Textile",83d1384b-3f36-44c8-a1ef-6afad994b8fc,MPX_4079732,Monoprix Lot De Limes Émeri X4,3.99,3.99,"['Hygiène & Beauté', 'Soins du corps', 'Soins des mains et des pieds', 'Accessoires']",Monoprix Exploitation,True,False,false,,,,[],https://courses.monoprix.fr/images-v3/0c44253f-c4a3-4340-9d37-d41e42b9d14a/dcebe900-880b-4838-916a-b7000e8f8716/300x300.jpg
"Maison, Loisirs et Textile",71433eef-2334-4d9d-9b34-7869e165b3c2,MPX_3291618,"Monoprix Maison 10 Enveloppes Kraft 22,9X32,4Cm",3.99,3.99,"['Mes marques Monoprix', 'Monoprix Maison', 'Papeterie', 'Correspondance']",MONOPRIX,True,False,false,,,,[],https://courses.monoprix.fr/images-v3/0c44253f-c4a3-4340-9d37-d41e42b9d14a/6abe22d0-26e1-4a81-b63e-d8ab68511d49/300x300.jpg
"Maison, Loisirs et Textile",c6e426fd-1a57-4ca7-b2d3-9e529ae28957,MPX_173962,"Clairefontaine 100 Feuilles Simples A4, Grands Carreaux, Perforées",4.3,4.3,"['Maison, Loisirs et Textile', ""Chambre d'enfant et Jouets"", 'Papeterie et Fournitures scolaires', 'Cahiers, Carnets et Blocs']",CLAIREFONTAINE,True,False,false,,,,[],https://courses.monoprix.fr/images-v3/0c44253f-c4a3-4340-9d37-d41e42b9d14a/33ba98fa-08e7-4ad2-9ef8-4e7d43eb7d12/300x300.jpg
"Maison, Loisirs et Textile",4dffa015-a3c0-43d6-a764-d94f60623b16,MPX_735115,Monoprix Filet Pour Linge Délicat,4.5,4.5,"['Mes marques Monoprix', 'Monoprix Maison', 'Décoration', 'Penderie et Buanderie']",Monoprix,True,False,false,,,,[],https://courses.monoprix.fr/images-v3/0c44253f-c4a3-4340-9d37-d41e42b9d14a/52ba216c-cef7-4552-8b42-f46660677fd9/300x300.jpg
"Maison, Loisirs et Textile",e4518cab-6660-4e41-a2a3-b9fdff815f61,MPX_3406369,Monoprix Couteau Office Hêtre Nature,4.99,4.99,"['Mes marques Monoprix', 'Monoprix Maison', 'Ustensiles de cuisine', 'Accessoires et Ustensiles']",Monoprix,True,False,false,,,,[],https://courses.monoprix.fr/images-v3/0c44253f-c4a3-4340-9d37-d41e42b9d14a/5c59a60a-841b-4b3d-90d5-46afe822f443/300x300.jpg
"Maison, Loisirs et Textile",abe1f654-ee4f-4786-ac43-e3ae6c6d2541,MPX_3181448,Mi-Bas Opaques Noir - TU,4.99,106.17,"['Maison, Loisirs et Textile', 'Basiques Textile', 'Femme - Chaussettes', 'Mi-Bas']",MONOPRIX FEMME,True,False,false,,,0.047kg,[],https://courses.monoprix.fr/images-v3/0c44253f-c4a3-4340-9d37-d41e42b9d14a/695e8664-9271-4d62-b03f-03e749c4e6ca/300x300.jpg
"Maison, Loisirs et Textile",397639b3-a537-4bcd-9af0-7c580ee6f903,MPX_4198773,"Duracell Piles Alcalines Aa Optimum 1,5 V Lr06 X8",13.5,1.69,"['Maison, Loisirs et Textile', 'Piles et Ampoules', 'Piles', 'LR06 - AA']",Duracell,True,False,false,1.0,YEAR,8 par pack,[],https://courses.monoprix.fr/images-v3/0c44253f-c4a3-4340-9d37-d41e42b9d14a/2a1d6bec-9332-4ad6-8a7a-c68ce4ca761d/300x300.jpg
"Maison, Loisirs et Textile",929d1efb-b4f4-41be-a39b-01a490e4db3c,MPX_2108134,Bic Stylo Bille Multicolores X5,1.99,1.99,"['Maison, Loisirs et Textile', 'Salon et Bureau', 'Papeterie et Fournitures scolaires', 'Stylos, Crayons et Correction']",Bic,True,False,false,,,,[],https://courses.monoprix.fr/images-v3/0c44253f-c4a3-4340-9d37-d41e42b9d14a/1b694561-f933-44ab-ac88-5deee9ffa2a2/300x300.jpg
"Maison, Loisirs et Textile",e30e82c0-d173-493f-ba7e-31c39553bf6f,MPX_3168162,Monoprix Mug Droit En Porcelaine,4.99,4.99,"['Mes marques Monoprix', 'Monoprix Maison', 'Arts de la table', 'Tasses, Bols et Mugs']",Monoprix,True,False,false,,,,[],https://courses.monoprix.fr/images-v3/0c44253f-c4a3-4340-9d37-d41e42b9d14a/c8cf21a8-94fc-4b9f-9177-ae829a909cca/300x300.jpg
"Maison, Loisirs et Textile",26ec2ee8-1ff3-4f94-a362-c56664845069,MPX_3405243,Monoprix Femme Socquettes Noires x4 - TU,6.99,148.72,"['Maison, Loisirs et Textile', 'Basiques Textile', 'Femme - Chaussettes', 'Socquettes']",MONOPRIX FEMME,True,False,false,,,0.047kg,[],https://courses.monoprix.fr/images-v3/0c44253f-c4a3-4340-9d37-d41e42b9d14a/979a1523-b807-43cb-ad83-e99d2fdc03dc/300x300.jpg
"Maison, Loisirs et Textile",2a22c844-5689-4ca7-ae46-e2c8ab1a552d,MPX_3822285,Duracell 2 Piles 2032 Lithium Duralock,8.09,8.09,"['Maison, Loisirs et Textile', 'Piles et Ampoules', 'Piles', 'Autres piles']",Duracell,True,False,false,1.0,YEAR,,[],https://courses.monoprix.fr/images-v3/0c44253f-c4a3-4340-9d37-d41e42b9d14a/9effa3ea-f253-46bf-9598-762f1bd8bb47/300x300.jpg
"Maison, Loisirs et Textile",04dcf7a9-0d89-4279-b2fc-dd541b6580de,MPX_3822298,Philips Ledclassic 60W A60 E27 Ww Nd 2,16.9,16.9,"['Maison, Loisirs et Textile', 'Piles et Ampoules', 'Ampoules', 'Gros Culot (E27)']",Philips,True,False,false,,,,[],https://courses.monoprix.fr/images-v3/0c44253f-c4a3-4340-9d37-d41e42b9d14a/844a72bf-8fe0-411c-92a2-ae1c8f0a21a2/300x300.jpg
"Maison, Loisirs et Textile",1d69a324-e083-44c9-a08d-b78c4dc2e6d9,MPX_2652472,Durance Bougie Artisanale Cêdre Argenté 180g,18.99,18.99,"['Maison, Loisirs et Textile', 'Salon et Bureau', 'Décoration et Rangements', 'Bougies et Bougeoirs']",Durance,True,False,false,,,,[],https://courses.monoprix.fr/images-v3/0c44253f-c4a3-4340-9d37-d41e42b9d14a/809c7c59-3fc6-471a-8703-26d839d987ab/300x300.jpg
"Maison, Loisirs et Textile",8ceb79ad-9d22-49f3-8675-7015c86fe0e7,MPX_2851479,Energizer 4 Piles Rechargeables Lr03/Aaa Accu Recharge Extreme,20.99,20.99,"['Maison, Loisirs et Textile', 'Piles et Ampoules', 'Piles', 'LR03 - AAA']",Energizer,True,False,false,,,,[],https://courses.monoprix.fr/images-v3/0c44253f-c4a3-4340-9d37-d41e42b9d14a/f748d544-8eea-4023-839e-f7797b5221e5/300x300.jpg
"Maison, Loisirs et Textile",9012447d-a9ba-40d9-b29a-425ef5a54da5,MPX_2426234,Sodastream Recharge Co2,32.99,32.99,"['Boissons et Lait', 'Eau', 'Eau gazeuse']",Sodastream,True,False,false,2.0,MONTH,,[],https://courses.monoprix.fr/images-v3/0c44253f-c4a3-4340-9d37-d41e42b9d14a/c72a2acb-9121-42c7-b0a8-2ec1c4e307fc/300x300.jpg
"Maison, Loisirs et Textile",c5bee2ee-a9c7-4f04-adf4-bf47abfdffda,MPX_2712244,Monoprix Maison Boule À Thé En Inox,2.5,2.5,"['Mes marques Monoprix', 'Monoprix Maison', 'Ustensiles de cuisine', 'Accessoires et Ustensiles']",Monoprix Maison,True,False,false,,,,[],https://courses.monoprix.fr/images-v3/0c44253f-c4a3-4340-9d37-d41e42b9d14a/1c53316e-ea2b-441e-8764-e819b8ee782a/300x300.jpg
"Maison, Loisirs et Textile",23fbf445-dae5-4993-9884-b28435f1f513,MPX_2272929,Maped Taille-Crayons Igloo,2.8,2.8,"['Maison, Loisirs et Textile', 'Salon et Bureau', 'Papeterie et Fournitures scolaires', 'Stylos, Crayons et Correction']",Maped,True,False,false,,,,[],https://courses.monoprix.fr/images-v3/0c44253f-c4a3-4340-9d37-d41e42b9d14a/807e00ee-1582-4ba9-8e58-7d288372def6/300x300.jpg
"Maison, Loisirs et Textile",2bf7fbae-2634-4974-af89-6b6dc153fd57,MPX_1510207,"Plast Team Boîte Pour Congélateur Et Micro-Onde 0,7L, 4 Clips",3.5,3.5,"['Maison, Loisirs et Textile', 'Vaisselle et ustensiles de cuisine', 'Ustensiles et Rangements', 'Boîtes et Conservation']",Plast Team,True,False,false,,,,[],https://courses.monoprix.fr/images-v3/0c44253f-c4a3-4340-9d37-d41e42b9d14a/962b9e86-9ad5-46c5-8aca-970bf3648238/300x300.jpg
"Maison, Loisirs et Textile",60164675-2d70-4272-856b-0f8f96a6d108,MPX_3525092,Scotch Ruban D'Emballage Heavy 50Mmx50M,5.2,5.2,"['Maison, Loisirs et Textile', 'Atelier Bricolage', 'Rubans adhésifs']",Scotch®,True,False,false,,,,[],https://courses.monoprix.fr/images-v3/0c44253f-c4a3-4340-9d37-d41e42b9d14a/b8545206-6e25-4641-baf0-3d0ef38aebe5/300x300.jpg
"Maison, Loisirs et Textile",47d67b84-d457-4db5-bf0e-4aa6cd1d53ca,MPX_116599,"Collant Voile Galbé, Noir, 22D, Diam'S, DIM - T3",6.99,85.24,"['Maison, Loisirs et Textile', 'Basiques Textile', 'Femme - Collants', 'Sculptant']",Dim,True,False,false,,,0.082kg,[],https://courses.monoprix.fr/images-v3/0c44253f-c4a3-4340-9d37-d41e42b9d14a/a71a56f8-ea7e-49bd-821d-d361d65c5129/300x300.jpg
"Maison, Loisirs et Textile",a66c955a-4c24-4979-80b0-787a10907033,MPX_3706591,"Monoprix Maison 2 Torchons Petit Nid D'Abeille, Blanc",12.5,99.21,"['Mes marques Monoprix', 'Monoprix Maison', 'Linge de maison', 'Linge de cuisine']",MONOPRIX,True,False,false,,,0.126kg,[],https://courses.monoprix.fr/images-v3/0c44253f-c4a3-4340-9d37-d41e42b9d14a/efe6ec94-fbd5-4d4f-9a6c-a1863807fcf7/300x300.jpg
"Maison, Loisirs et Textile",e303abbe-86ff-48a5-8de9-58ada0534ea8,MPX_1348569,Tipp-Ex Correcteur Flacon Tipp-Ex Rapid,2.5,2.5,"['Maison, Loisirs et Textile', 'Salon et Bureau', 'Papeterie et Fournitures scolaires', 'Stylos, Crayons et Correction']",Tipp-ex,True,False,false,,,,[],https://courses.monoprix.fr/images-v3/0c44253f-c4a3-4340-9d37-d41e42b9d14a/7c308f5f-c543-4f72-8b83-f38b9af153c0/300x300.jpg
"Maison, Loisirs et Textile",ea0f5be5-e594-40a4-bcac-90d14e3c0885,MPX_1508732,"Plast Team Boîte Pour Congélateur Et Micro-Onde 0,3L, 4 Clips",2.99,2.99,"['Maison, Loisirs et Textile', 'Vaisselle et ustensiles de cuisine', 'Ustensiles et Rangements', 'Boîtes et Conservation']",PLAST TEAM,True,False,false,6.0,MONTH,,[],https://courses.monoprix.fr/images-v3/0c44253f-c4a3-4340-9d37-d41e42b9d14a/602abf61-478a-4ae4-971f-0b31f7d00eff/300x300.jpg
"Maison, Loisirs et Textile",9639b0b8-a071-4055-8afc-4823ec5fb436,MPX_3221921,"Monoprix Maison Thermomètre, Intérieur Et Extérieur, Bois",4.5,4.5,"['Mes marques Monoprix', 'Monoprix Maison', 'Ustensiles de cuisine', 'Rangement et Conservation']",Monoprix Maison,True,False,false,,,,[],https://courses.monoprix.fr/images-v3/0c44253f-c4a3-4340-9d37-d41e42b9d14a/e05ac861-a7fa-43b1-89da-5523579d4c91/300x300.jpg
"Maison, Loisirs et Textile",18d48f8e-44f6-4e26-8498-8655c54857bc,MPX_3476463,"Françoise Paviot 20 Serviettes Pétrole, 40X40Cm",6.99,6.99,"['Maison, Loisirs et Textile', 'Vaisselle et ustensiles de cuisine', 'Vaisselle jetable', 'Serviettes en papier']",FRANCOISE PAVIOT,True,False,false,,,,[],https://courses.monoprix.fr/images-v3/0c44253f-c4a3-4340-9d37-d41e42b9d14a/454cb3cf-c587-4c0c-a14e-c462ad470459/300x300.jpg
"Maison, Loisirs et Textile",5d906b7b-2899-4d1e-8c9c-67b6d7816857,MPX_2712299,Monoprix Maison Tire-Bouchon À Levier,7.99,7.99,"['Bière, Cave et Spiritueux', 'Cave à vins', 'Accessoires de vins']",Monoprix,True,False,false,,,,[],https://courses.monoprix.fr/images-v3/0c44253f-c4a3-4340-9d37-d41e42b9d14a/5fbb80bf-2c55-490f-b5c8-c62cefc21554/300x300.jpg
"Maison, Loisirs et Textile",1094cf99-85d4-4304-a619-1aa44f7f6ba1,MPX_4198771,"Duracell Piles Alcalines Aaa Optimum, 1,5 V Lr03 X8",13.5,1.69,"['Maison, Loisirs et Textile', 'Piles et Ampoules', 'Piles', 'LR03 - AAA']",Duracell,True,False,false,1.0,YEAR,8 par pack,[],https://courses.monoprix.fr/images-v3/0c44253f-c4a3-4340-9d37-d41e42b9d14a/0868fbea-3f01-436e-ba94-c4e93c9e70ca/300x300.jpg
"Maison, Loisirs et Textile",5ab1427b-2311-4b4a-b3ea-7065f1b78c54,MPX_3834797,2 Ampoules Led Sphérique E27 40W Blanc Chaud Dépolie Verre,17.9,17.9,"['Maison, Loisirs et Textile', 'Piles et Ampoules', 'Ampoules', 'Gros Culot (E27)']",Philips,True,False,false,,,,[],https://courses.monoprix.fr/images-v3/0c44253f-c4a3-4340-9d37-d41e42b9d14a/8f26fb84-6225-4df1-9426-4628ceb40e2a/300x300.jpg
"Maison, Loisirs et Textile",f445246a-a1d9-4926-9057-19491b88d48d,MPX_2563477,Durance Bougie Artisanale Parfumée Fleurs De Coton 180g,18.99,18.99,"['Maison, Loisirs et Textile', 'Salon et Bureau', 'Décoration et Rangements', 'Bougies et Bougeoirs']",DURANCE,True,False,false,,,,[],https://courses.monoprix.fr/images-v3/0c44253f-c4a3-4340-9d37-d41e42b9d14a/45450cd1-0998-4390-a3b0-8ab76235e4fb/300x300.jpg
"Maison, Loisirs et Textile",38d0da89-99d0-4ccf-84ad-21f82ac583cb,MPX_1181302,Bic Stylos Bille Rétractable M10 Encre Noire x2,1.99,1.0,"['Maison, Loisirs et Textile', 'Salon et Bureau', 'Papeterie et Fournitures scolaires', 'Stylos, Crayons et Correction']",Bic,True,False,false,,,2 par pack,[],https://courses.monoprix.fr/images-v3/0c44253f-c4a3-4340-9d37-d41e42b9d14a/69098804-3c90-4f38-a6b6-aeb08dd1850b/300x300.jpg
"Maison, Loisirs et Textile",8a4ba2ec-9d23-4e10-b858-8eb089e5f689,MPX_2441268,Monoprix Maison 100 Trombones En Métal,1.99,1.99,"['Mes marques Monoprix', 'Monoprix Maison', 'Papeterie', 'Fournitures scolaires et Bureau']",MONOPRIX,True,False,false,,,,[],https://courses.monoprix.fr/images-v3/0c44253f-c4a3-4340-9d37-d41e42b9d14a/90850dc7-e463-4b81-832a-9247e129f9cd/300x300.jpg
"Maison, Loisirs et Textile",89cf5a38-c732-446b-a5f8-b930e93a3e25,MPX_1510210,"Plast Team Boîte Pour Congélateur Et Micro-Onde 2L, 4 Clips",5.5,5.5,"['Maison, Loisirs et Textile', 'Vaisselle et ustensiles de cuisine', 'Ustensiles et Rangements', 'Boîtes et Conservation']",Plast Team,True,False,false,,,,[],https://courses.monoprix.fr/images-v3/0c44253f-c4a3-4340-9d37-d41e42b9d14a/b1020468-dcc9-4b99-9c48-e33354ca4a32/300x300.jpg
"Maison, Loisirs et Textile",ab56b340-a1a6-4c25-b2e4-9c2d3dfdcb83,MPX_1560264,"Eda 4 Boîtes De Congélation, 0,75L",6.5,6.5,"['Maison, Loisirs et Textile', 'Vaisselle et ustensiles de cuisine', 'Ustensiles et Rangements', 'Boîtes et Conservation']",eda,True,False,false,,,,[],https://courses.monoprix.fr/images-v3/0c44253f-c4a3-4340-9d37-d41e42b9d14a/50e56be5-71fe-484f-8715-2fceede14ec8/300x300.jpg
"Maison, Loisirs et Textile",4f80f68e-97ff-40d9-8447-5101427a9942,MPX_3742943,Le Parfait Bocal 2L,8.99,8.99,"['Maison, Loisirs et Textile', 'Vaisselle et ustensiles de cuisine', 'Ustensiles et Rangements', 'Boîtes et Conservation']",LE PARFAIT,True,False,false,,,,[],https://courses.monoprix.fr/images-v3/0c44253f-c4a3-4340-9d37-d41e42b9d14a/81ab839c-7bc2-4b6f-bde8-e93dd1059c8d/300x300.jpg
"Maison, Loisirs et Textile",18aec1c5-8369-41f0-9641-57628fd22a4b,MPX_2665007,"Collant Satiné Jambes Galbées, Noir, 45D, Diam'S, DIM - T4",9.99,9.99,"['Maison, Loisirs et Textile', 'Basiques Textile', 'Femme - Collants', 'Satinés']",Dim,True,False,false,,,,[],https://courses.monoprix.fr/images-v3/0c44253f-c4a3-4340-9d37-d41e42b9d14a/86711b47-4c4d-489e-94e4-05c3b21cc3fd/300x300.jpg
"Maison, Loisirs et Textile",b208f5ff-125f-4317-8fb4-150cf5abe256,MPX_3209915,"Monoprix Maison Bougie Non Parfumée, Flambeau Forme Conique, 2,2X25Cm, Ivoire",1.7,1.7,"['Mes marques Monoprix', 'Monoprix Maison', 'Décoration', 'Bougies et Allumettes']",Monoprix,True,False,false,,,,[],https://courses.monoprix.fr/images-v3/0c44253f-c4a3-4340-9d37-d41e42b9d14a/b434d5d9-78fa-4b37-bfc4-7d31f5a10b5e/300x300.jpg
"Maison, Loisirs et Textile",05c29711-2edf-422d-b84a-91ec9d49fee6,MPX_2440923,Monoprix Maison Règle Plate 30 Cm,1.7,1.7,"['Mes marques Monoprix', 'Monoprix Maison', 'Papeterie', 'Fournitures scolaires et Bureau']",MONOPRIX,True,False,false,,,,[],https://courses.monoprix.fr/images-v3/0c44253f-c4a3-4340-9d37-d41e42b9d14a/ae8d100b-203b-4ccf-be07-b2ec53be8c81/300x300.jpg
"Maison, Loisirs et Textile",c16fbbf8-6d09-460d-ae32-f92797038bbb,MPX_1639419,Maped Agrafes 26/6 x2000,1.99,0.0,"['Maison, Loisirs et Textile', 'Salon et Bureau', 'Papeterie et Fournitures scolaires', 'Colles, Adhésifs et Agrafes']",Maped,True,False,false,,,2000 par pack,[],https://courses.monoprix.fr/images-v3/0c44253f-c4a3-4340-9d37-d41e42b9d14a/c7b3235f-988e-4eb6-baff-a50adc7682d8/300x300.jpg
"Maison, Loisirs et Textile",0ad50ffc-f3cb-436e-98bd-bb29155f113b,MPX_2280186,"Clairefontaine Cahier 17x22cm, grands carreaux, 96 pages, avec protège-cahier",2.99,2.99,"['Maison, Loisirs et Textile', 'Salon et Bureau', 'Papeterie et Fournitures scolaires', 'Cahiers, Carnets et Blocs']",Clairefontaine,True,False,false,,,,[],https://courses.monoprix.fr/images-v3/0c44253f-c4a3-4340-9d37-d41e42b9d14a/7a4bfbef-58f2-49ec-beb7-83d456fd6f48/300x300.jpg
"Maison, Loisirs et Textile",bc55df70-a29a-4b70-965c-2d4e02967190,MPX_3226062,Luminarc Presse Agrume En Verre,3.5,3.5,"['Maison, Loisirs et Textile', 'Vaisselle et ustensiles de cuisine', 'Ustensiles et Rangements', 'Autres ustensiles']",LUMINARC,True,False,false,,,,[],https://courses.monoprix.fr/images-v3/0c44253f-c4a3-4340-9d37-d41e42b9d14a/046f5980-55eb-4330-9ea5-a778a038c6b1/300x300.jpg
"Maison, Loisirs et Textile",03b2b9c5-0df7-446d-a3d4-2b47dcf22293,MPX_2712312,Monoprix Maison Ouvre-Boîte,3.5,3.5,"['Mes marques Monoprix', 'Monoprix Maison', 'Ustensiles de cuisine', 'Accessoires et Ustensiles']",Monoprix,True,False,false,,,,[],https://courses.monoprix.fr/images-v3/0c44253f-c4a3-4340-9d37-d41e42b9d14a/8437744d-8079-4d09-9d9c-585db0ca8f0f/300x300.jpg
"Maison, Loisirs et Textile",c9c9900a-ae3b-4d96-a86a-3b3bae180547,MPX_3729267,Monoprix Maison Bougie Chiffre 4,3.99,3.99,"['Mes marques Monoprix', 'Monoprix Maison', 'Jouets', 'Anniversaire']",Monoprix,True,False,false,,,,[],https://courses.monoprix.fr/images-v3/0c44253f-c4a3-4340-9d37-d41e42b9d14a/0cd36f64-581b-4676-9286-dddcda71454b/300x300.jpg
"Maison, Loisirs et Textile",ccea5c5c-a5cb-437d-83b3-033c73874cd5,MPX_3222187,"Monoprix Maison Gobelet Conique 25Cl, Verre Recyclé",4.99,4.99,"['Maison, Loisirs et Textile', 'Vaisselle et ustensiles de cuisine', 'Arts de la table et Vaisselle', 'Verres et Gobelets']",NoBrand,True,False,false,,,,[],https://courses.monoprix.fr/images-v3/0c44253f-c4a3-4340-9d37-d41e42b9d14a/4b206bf3-0190-4a56-b926-f1cbb5d9f635/300x300.jpg
Mes marques Monoprix,60389211-3c0a-4051-aea6-a44a4a4fa7a4,MPX_1834727,Monoprix Madeleines Longues Natures Aux Oeufs Frais X16,1.05,4.77,"['Promotions', 'Promo Epicerie', 'Promo Epicerie Sucrée']",Monoprix,True,False,false,1.0,MONTH,220g,[],https://courses.monoprix.fr/images-v3/0c44253f-c4a3-4340-9d37-d41e42b9d14a/c31387d7-8406-4f26-94b6-4e2c21d06968/300x300.jpg
Mes marques Monoprix,08829b8b-79cf-4791-8fbd-3099ebffcd53,MPX_163027,Monoprix Olives vertes dénoyautées 160g,1.29,8.06,"['Nos sélections', 'Inspiration du moment', '& Barbecue', 'Epicerie salée']",Monoprix,True,False,false,1.0,YEAR,160g,[],https://courses.monoprix.fr/images-v3/0c44253f-c4a3-4340-9d37-d41e42b9d14a/062f3bad-1084-4825-bb04-5a62ef2c598c/300x300.jpg
Mes marques Monoprix,de0a3818-50de-4e28-968c-b22ccaaa3108,MPX_4246668,Monoprix Haché En Vrac 5% Mg 350g,5.69,16.26,"['Boucherie et Volaille', 'Boucherie', 'Viandes hachées et farces']",Monoprix,True,False,false,2.0,DAY,350g,[],https://courses.monoprix.fr/images-v3/0c44253f-c4a3-4340-9d37-d41e42b9d14a/54e69d4a-0983-4876-a1ae-c3596e46d3fd/300x300.jpg
Mes marques Monoprix,7c180e33-1641-453d-a8a0-f160ddbf9d22,MPX_4246664,Monoprix Steak Hachés 5% 2X125G,4.15,16.6,"['Boucherie et Volaille', 'Boucherie', 'Viandes hachées et farces']",Monoprix,True,False,false,2.0,DAY,250g,[],https://courses.monoprix.fr/images-v3/0c44253f-c4a3-4340-9d37-d41e42b9d14a/95de63d8-5f46-4e96-9924-0889e6c00950/300x300.jpg
Mes marques Monoprix,a691f4ea-6024-42ab-9b23-57320d77d38e,MPX_3648532,Monoprix Farine De Blé Type 55 1kg,0.99,0.99,"['Nos sélections', 'Inspiration du moment', ""& La pâtisserie c'est du gâteau"", 'Sucre, Farine et Aide à la pâtisserie']",MONOPRIX,True,False,false,2.0,MONTH,1kg,[],https://courses.monoprix.fr/images-v3/0c44253f-c4a3-4340-9d37-d41e42b9d14a/a0c8c183-9bbf-40dc-ade3-0f0456ab02bb/300x300.jpg
Mes marques Monoprix,d75e8cb7-5c79-4964-a4a4-a34a46a343b6,MPX_3648530,Monoprix Farine De Blé Fluide Type 45 1kg,1.29,1.29,"['Nos sélections', 'Inspiration du moment', ""& La pâtisserie c'est du gâteau"", 'Sucre, Farine et Aide à la pâtisserie']",MONOPRIX,True,False,false,2.0,MONTH,1kg,[],https://courses.monoprix.fr/images-v3/0c44253f-c4a3-4340-9d37-d41e42b9d14a/d715f502-bc02-4623-ba1f-1d1855a716c8/300x300.jpg
Mes marques Monoprix,ebcda2af-33d2-4a7b-b6f7-148b0393360f,MPX_2560383,Monoprix Gourmet Bresaola Viande de Boeuf Séchée. I.G.P. 80g,6.65,83.13,"['Nos sélections', 'Inspiration du moment', 'Sélection Charcuterie et Fromage']",Monoprix Gourmet,True,False,false,2.0,WEEK,80g,[],https://courses.monoprix.fr/images-v3/0c44253f-c4a3-4340-9d37-d41e42b9d14a/5f6548cc-2c4a-4858-a553-d0f9de684b8a/300x300.jpg
Mes marques Monoprix,19efa224-0fc6-497e-948f-7f371fc461a0,MPX_156056,Monoprix Huile de Tournesol 1L,3.09,3.09,"['Promotions', 'Promo Epicerie', 'Promo Epicerie Salée']",Monoprix,True,False,false,2.0,MONTH,1L,[],https://courses.monoprix.fr/images-v3/0c44253f-c4a3-4340-9d37-d41e42b9d14a/0e4f312c-ecd5-4a30-a9d1-9e188c55ca74/300x300.jpg
Mes marques Monoprix,915df9fd-6e72-4821-a381-6b5e5b976985,MPX_4003949,Monoprix Gourmet Chips de Sarrasin 100g,4.65,46.5,"['Epicerie Salée', 'Produit apéritif', 'Chips et Biscuit Apéritif', 'Chips']",Monoprix Gourmet,True,False,false,1.0,MONTH,100g,[],https://courses.monoprix.fr/images-v3/0c44253f-c4a3-4340-9d37-d41e42b9d14a/ee4c0cf0-5c00-4c24-992b-35bd118592cf/300x300.jpg
Mes marques Monoprix,794b7d2e-0acf-4929-a8c9-f61cafe05935,MPX_4210630,Monoprix Gourmet Jambon Cuit À L’Os En Tranches 120g,3.85,32.08,"['Mes marques Monoprix', 'Monoprix Gourmet', 'Produits frais', 'Charcuterie à la coupe']",Monprix Gourmet,True,False,false,6.0,DAY,120g,[],https://courses.monoprix.fr/images-v3/0c44253f-c4a3-4340-9d37-d41e42b9d14a/eef69279-7a4c-4ecb-8a27-57a5b8c9db5e/300x300.jpg
Mes marques Monoprix,022e9302-3dd9-43e2-8efb-9cf2f2389bda,MPX_658801,Monoprix Essuie-Tout Triple Epaisseur x4,2.39,0.6,"['Entretien & Nettoyage', 'Essuie tout et Papier toilette', 'Essuie tout']",Monoprix,True,False,false,,,4 par pack,[],https://courses.monoprix.fr/images-v3/0c44253f-c4a3-4340-9d37-d41e42b9d14a/70d63acd-35b7-42e3-9209-9f7b1d3862e6/300x300.jpg
Mes marques Monoprix,63e04484-0bfc-44d2-96a7-cc40afd79377,MPX_3367317,Monoprix Papier toilette double épaisseur x12,2.89,0.24,"['Entretien & Nettoyage', 'Essuie tout et Papier toilette', 'Papier toilette', 'Par 12']",Monoprix,True,False,false,,,12 par pack,[],https://courses.monoprix.fr/images-v3/0c44253f-c4a3-4340-9d37-d41e42b9d14a/f9337a53-4f57-4019-bb63-53ee3c5de5c9/300x300.jpg
Mes marques Monoprix,1f3e7590-5b63-4ab8-aa86-46dfc147f445,MPX_2261095,Monoprix Boîte Mouchoirs Ultra Doux Douceur & Résistance,1.39,0.01,"['Mes marques Monoprix', 'Monoprix', 'Hygiène Beauté', 'Mouchoir et Coton']",Monoprix,True,False,false,,,110 par pack,[],https://courses.monoprix.fr/images-v3/0c44253f-c4a3-4340-9d37-d41e42b9d14a/b47dc6ee-c914-4737-9070-0c9279a45ac1/300x300.jpg
Mes marques Monoprix,8d708caf-3559-49e6-b38d-ca2d49be198e,MPX_160489,Monoprix Papier Toilette Triple Épaisseur X6,3.39,0.57,"['Entretien & Nettoyage', 'Essuie tout et Papier toilette', 'Papier toilette', 'Par 6']",Monoprix,True,False,false,,,6 par pack,[],https://courses.monoprix.fr/images-v3/0c44253f-c4a3-4340-9d37-d41e42b9d14a/1cc2233f-19d4-4747-a035-4cc30a161d7d/300x300.jpg
Mes marques Monoprix,5e8beb6a-e669-47f7-b498-cb004957820b,MPX_4231092,Monoprix Bio Œufs Bio x10,4.89,0.49,"['Bio', 'Crèmerie bio', 'Œuf bio']",Monoprix Bio,True,False,false,1.0,WEEK,10 par pack,['Produit bio'],https://courses.monoprix.fr/images-v3/0c44253f-c4a3-4340-9d37-d41e42b9d14a/dbac32ed-f009-4e8e-9cff-9bff8feb6dca/300x300.jpg
Mes marques Monoprix,612dd128-7688-4190-9698-18f13a23e12c,MPX_2261094,Monoprix Mouchoirs Double Épaisseur Douceur & Résistance,1.35,0.01,"['Hygiène & Beauté', 'Papiers toilette, Mouchoirs et Cotons', 'Mouchoirs', 'Boîtes']",Monoprix,True,False,false,,,110 par pack,[],https://courses.monoprix.fr/images-v3/0c44253f-c4a3-4340-9d37-d41e42b9d14a/42b2a5a2-30c7-4ce4-853e-5c5e05ed5861/300x300.jpg
Mes marques Monoprix,d458f6be-d4f4-4c83-99e0-aebd8e742535,MPX_123286,Monoprix Emmental français râpé 200g,1.79,8.95,"['Nos sélections', 'Inspiration du moment', 'Nos coups de coeur Origine France']",Monoprix,True,False,false,3.0,WEEK,200g,[],https://courses.monoprix.fr/images-v3/0c44253f-c4a3-4340-9d37-d41e42b9d14a/e017faf1-a174-4109-b653-fd02812346d5/300x300.jpg
Mes marques Monoprix,ebb1891d-e36b-4e02-a521-55cedfd71c10,MPX_1120135,Monoprix beurre doux 250g,2.39,9.56,"['Nos sélections', 'Inspiration du moment', ""& La pâtisserie c'est du gâteau"", 'Produits laitiers et œufs']",Monoprix,True,False,false,3.0,WEEK,250g,[],https://courses.monoprix.fr/images-v3/0c44253f-c4a3-4340-9d37-d41e42b9d14a/c5f6816a-5047-4117-a613-a0c81520b589/300x300.jpg
Mes marques Monoprix,8b3f5b6f-c47d-4687-8f05-db5efeba8a99,MPX_1119096,Monoprix mozzarella le sachet de 125g,0.89,7.12,"['Produits du monde', 'Italie - Italia', 'Mozzarella, Parmesan, Burrata et Ricotta']",Monoprix,True,False,false,1.0,WEEK,125g,[],https://courses.monoprix.fr/images-v3/0c44253f-c4a3-4340-9d37-d41e42b9d14a/cbb48813-1fe1-4f35-9f39-71af31292bc2/300x300.jpg
Mes marques Monoprix,6cd18ba9-c429-4462-ac89-c7b30dc01094,MPX_160492,Monoprix Papier toilette double épaisseur x6,1.45,0.24,"['Entretien & Nettoyage', 'Essuie tout et Papier toilette', 'Papier toilette', 'Par 6']",Monoprix,True,False,false,,,6 par pack,[],https://courses.monoprix.fr/images-v3/0c44253f-c4a3-4340-9d37-d41e42b9d14a/e47fc1a9-d6af-48cf-80f4-d70a3cc08a7d/300x300.jpg
Mes marques Monoprix,b2cf52be-a051-409f-aed1-b2c47d918327,MPX_1279416,Monoprix Gourmet Œufs Gros Label Rouge 6 Unités,2.69,0.45,"['Nos sélections', 'Inspiration du moment', '& Notre sélection brunch', 'Œufs']",Monoprix Gourmet,True,False,false,1.0,WEEK,6 par pack,[],https://courses.monoprix.fr/images-v3/0c44253f-c4a3-4340-9d37-d41e42b9d14a/adf8d217-26dc-4e9f-9362-c4535e76a8f8/300x300.jpg
Mes marques Monoprix,7f5e723b-ff8c-42dd-aa0e-49649d1b6efa,MPX_3599267,Monoprix Jambon Cuit 4 Tranches Sans Couenne 160g,2.19,13.69,"['Charcuterie et Traiteur', 'Charcuterie', 'Jambon blanc']",Monoprix,True,False,false,1.0,WEEK,160g,[],https://courses.monoprix.fr/images-v3/0c44253f-c4a3-4340-9d37-d41e42b9d14a/d247857f-3113-44d6-bcdc-a19bfe565b6f/300x300.jpg
Mes marques Monoprix,21f2fb84-fce8-4a6d-b643-a57fac952cc7,MPX_1921543,Monoprix Bio Galettes de Blé noir 200g,3.49,17.45,"['Nos sélections', 'Inspiration du moment', '& Frigo vide', 'Traiteur']",Monoprix Bio,True,False,false,6.0,DAY,200g,['Produit bio'],https://courses.monoprix.fr/images-v3/0c44253f-c4a3-4340-9d37-d41e42b9d14a/fdec67db-dd68-4cb1-851b-83800349e585/300x300.jpg
Mes marques Monoprix,55ec39fe-5717-4a6b-a1c8-29b05f332d1f,MPX_887698,Monoprix Sacs poubelle à poignées 70% recyclés 50L,2.65,2.65,"['Entretien & Nettoyage', 'Accessoire menager', 'Sac poubelle', '50L']",MONOPRIX,True,False,false,,,,[],https://courses.monoprix.fr/images-v3/0c44253f-c4a3-4340-9d37-d41e42b9d14a/5e0f0eed-b4f5-4782-b399-150dea0dd22e/300x300.jpg
Mes marques Monoprix,6ee71c87-d750-41b3-a2b3-60875e41b06d,MPX_3636368,Monoprix Œufs de poules élevées en plein air x12,4.65,0.39,"['Nos sélections', 'Inspiration du moment', '& Notre sélection brunch', 'Œufs']",Monoprix,True,False,false,1.0,WEEK,12 par pack,[],https://courses.monoprix.fr/images-v3/0c44253f-c4a3-4340-9d37-d41e42b9d14a/87a8d98a-6e00-4fe7-b254-01fff98e1a3a/300x300.jpg
Mes marques Monoprix,708f1121-1b32-46c8-a6d8-d8ff4b4b867d,MPX_1349675,Monoprix Comté 6 mois d'affinage 250g,3.59,14.36,"['Nos sélections', 'Inspiration du moment', '& Apéro entre amis', 'Fromages']",Monoprix,True,False,false,3.0,WEEK,250g,[],https://courses.monoprix.fr/images-v3/0c44253f-c4a3-4340-9d37-d41e42b9d14a/18538f00-b105-4def-8ab5-2b64c1a437d9/300x300.jpg
Mes marques Monoprix,d7602053-c820-425d-b31c-5e78a80efe75,MPX_4231091,Monoprix Bio Œufs Bio x6,3.09,0.52,"['Bio', 'Crèmerie bio', 'Œuf bio']",Monoprix Bio,True,False,false,1.0,WEEK,6 par pack,['Produit bio'],https://courses.monoprix.fr/images-v3/0c44253f-c4a3-4340-9d37-d41e42b9d14a/1ce2483b-a996-4e6d-9f3c-e7133c90f068/300x300.jpg
Mes marques Monoprix,beb442a0-ff90-450b-80cf-578be72431f0,MPX_1247425,Monoprix Pâte feuilletée prête à dérouler 230g,0.75,3.26,"['Nos sélections', 'Inspiration du moment', '& Frigo vide', 'Traiteur']",Monoprix,True,False,false,1.0,WEEK,230g,[],https://courses.monoprix.fr/images-v3/0c44253f-c4a3-4340-9d37-d41e42b9d14a/1b069a8d-6b2f-4fbb-9c39-88ef89b5bc96/300x300.jpg
Mes marques Monoprix,66ee4f79-f377-45c6-acf6-ff7d70dbbc55,MPX_1990979,Monoprix Lardons Fumés Qualité Supérieure 200g,1.69,8.45,"['Charcuterie et Traiteur', 'Charcuterie', 'Lardons, Dés et Poitrine', 'Lardon et Allumette']",Monoprix,True,False,false,2.0,WEEK,200g,[],https://courses.monoprix.fr/images-v3/0c44253f-c4a3-4340-9d37-d41e42b9d14a/189b149d-5974-448c-8ba3-e1badb30a14b/300x300.jpg
Mes marques Monoprix,3c95bf82-e735-4411-85f6-cf2a59e5207f,MPX_875909,Monoprix Lait Demi Ecrémé 6x1L,6.39,1.07,"['Boissons et Lait', 'Lait', 'Lait UHT demi-écrémé']",Monoprix,True,False,false,1.0,MONTH,6 x 1L,[],https://courses.monoprix.fr/images-v3/0c44253f-c4a3-4340-9d37-d41e42b9d14a/f9ff0ec5-0d0c-498e-b88c-0e01f9cbc570/300x300.jpg
Mes marques Monoprix,a0d92dc5-fb62-453f-86b1-4cc583f3bf19,MPX_6716509,"Monoprix Bio Carotte sachet 1,5kg",3.79,2.53,"['Fruits & Légumes', 'Légumes Frais', 'Pommes de terre et Carottes', 'Carotte']",Monoprix Bio,True,False,false,4.0,DAY,1.5kg,['Produit bio'],https://courses.monoprix.fr/images-v3/0c44253f-c4a3-4340-9d37-d41e42b9d14a/2d4d0ac2-c81b-482e-a7e7-16a071d41e50/300x300.jpg
Mes marques Monoprix,d2bc2483-ddae-4053-b6e6-eb9daf6ce804,MPX_2351521,"Monoprix eau minérale des alpes le pack de 6x1,5L",2.09,0.23,"['Boissons et Lait', 'Eau', 'Eau plate']",Monoprix,True,False,false,1.0,MONTH,6 x 1.5L,[],https://courses.monoprix.fr/images-v3/0c44253f-c4a3-4340-9d37-d41e42b9d14a/01bcf9a7-e1ee-4461-b031-2e492180c6a9/300x300.jpg
Mes marques Monoprix,649834a8-86b4-47e5-8ee5-5b1a82d8237a,MPX_1172070,Monoprix Je Suis Vert Papier Toilette Compact X4,3.25,0.81,"['Bio', 'Entretien écologique', 'Essuie tout et Papier toilette écologique']",Monoprix Je Suis Vert,True,False,false,,,4 par pack,[],https://courses.monoprix.fr/images-v3/0c44253f-c4a3-4340-9d37-d41e42b9d14a/e1729344-4951-4dea-82ae-960b4039dbea/300x300.jpg
Mes marques Monoprix,47ce7a00-b981-415c-88f5-36694577f628,MPX_1681325,Monoprix Comté Râpé 140g,2.89,20.64,"['Nos sélections', 'Inspiration du moment', 'Nos coups de coeur Origine France']",Monoprix,True,False,false,2.0,WEEK,140g,[],https://courses.monoprix.fr/images-v3/0c44253f-c4a3-4340-9d37-d41e42b9d14a/7d0e3c3c-fb42-4641-84a5-8d2b8a3866b7/300x300.jpg
Mes marques Monoprix,c801a570-bd83-4da8-94a4-c7c09f864702,MPX_1044803,Monoprix Gourmet Mozzarella De Bufala 150g,3.05,20.33,"['Nos sélections', 'Inspiration du moment', '& Frigo vide', 'Produits laitiers et Œufs']",Monoprix Gourmet,True,False,false,5.0,DAY,150g,[],https://courses.monoprix.fr/images-v3/0c44253f-c4a3-4340-9d37-d41e42b9d14a/5ae49b6f-3954-4c19-9850-67094622b8b9/300x300.jpg
Mes marques Monoprix,a0a8b2c2-8431-4e05-b264-38e3d6ea7d34,MPX_3635643,Monoprix Oeufs de Poules Elevées en Plein Air x6,2.39,0.4,"['Nos sélections', 'Inspiration du moment', '& Sélection petit déjeuner', 'Produits laitiers et œufs']",Monoprix,True,False,false,1.0,WEEK,6 par pack,[],https://courses.monoprix.fr/images-v3/0c44253f-c4a3-4340-9d37-d41e42b9d14a/01029a5b-01c8-4701-9776-8987b060fc21/300x300.jpg
Mes marques Monoprix,f46046ce-1f8e-4521-905e-648e0c58dc92,MPX_3822599,Monoprix Filets Poulet 2x120g,4.01,16.69,"['Boucherie et Volaille', 'Volaille', 'Poulet']",Monoprix,True,False,false,4.0,DAY,240,[],https://courses.monoprix.fr/images-v3/0c44253f-c4a3-4340-9d37-d41e42b9d14a/1a1e7c51-6990-4bd6-b840-03c9bdb772bd/300x300.jpg
Mes marques Monoprix,74a39287-023c-457f-8f3f-b80dbd040038,MPX_1120134,Monoprix beurre demi-sel 250g,2.45,9.8,"['Nos sélections', 'Inspiration du moment', '& Frigo vide', 'Produits laitiers et Œufs']",Monoprix,True,False,false,2.0,WEEK,250g,[],https://courses.monoprix.fr/images-v3/0c44253f-c4a3-4340-9d37-d41e42b9d14a/95211356-3c6a-4b2d-bc63-3078c6bcd2c9/300x300.jpg
Mes marques Monoprix,53e614d8-ccac-4bc4-bdcb-30ae769effc4,MPX_139613,Monoprix Chair de Tomates 400g,1.19,2.98,"['Nos sélections', 'Inspiration du moment', '& Frigo vide', 'Epicerie salée']",Monoprix,True,False,false,6.0,MONTH,400g,[],https://courses.monoprix.fr/images-v3/0c44253f-c4a3-4340-9d37-d41e42b9d14a/a0c5c811-8a7d-4d03-8ae3-724c909dc63c/300x300.jpg
Mes marques Monoprix,dd82f9cf-2eb8-4f18-8054-cebcd851acfe,MPX_2259403,Monoprix Essuie-Tout Maxi Compact x1,5.49,5.49,"['Entretien & Nettoyage', 'Essuie tout et Papier toilette', 'Essuie tout']",Monoprix,True,False,false,,,,[],https://courses.monoprix.fr/images-v3/0c44253f-c4a3-4340-9d37-d41e42b9d14a/806da811-8797-4366-a04d-963946772e8d/300x300.jpg
Mes marques Monoprix,af4763b9-b658-49c8-ba4f-58a5566aa1d7,MPX_1419907,Monoprix Gourmet filets de poulet fermier jaune du gers label rouge x2 - 300g,7.45,26.59,"['Boucherie et Volaille', 'Volaille', 'Poulet']",Monoprix Gourmet,True,False,false,3.0,DAY,280,[],https://courses.monoprix.fr/images-v3/0c44253f-c4a3-4340-9d37-d41e42b9d14a/e755c2da-375f-404b-8354-edaf2ade4a48/300x300.jpg
Mes marques Monoprix,7119cd8d-34e8-4cbb-833a-6421cb884ed0,MPX_1252931,Monoprix Gourmet Billes di Bufala Campana AOP 125g,2.49,19.92,"['Produits Laitiers, Œufs et Fromages', 'Fromages à cuisiner, raclettes et apéritifs', 'Mozza, Feta et Burrata']",Monoprix Gourmet,True,False,false,1.0,WEEK,125g,[],https://courses.monoprix.fr/images-v3/0c44253f-c4a3-4340-9d37-d41e42b9d14a/df1f6dad-bafa-49a8-9d64-253104a774a6/300x300.jpg
Mes marques Monoprix,75633edf-a2d0-4c7e-8e86-7fad0ef71efb,MPX_1044904,"Monoprix Cocktail gourmand noix de cajou, amandes & noix de pécan 100g",2.69,26.9,"['Epicerie Sucrée', 'Céréale et Barre', 'Fruits Secs et Graines', 'Amandes, Noix et Autres Fruits à Coques']",Monoprix,True,False,false,1.0,MONTH,100g,[],https://courses.monoprix.fr/images-v3/0c44253f-c4a3-4340-9d37-d41e42b9d14a/b8bdd58e-4b0d-4adf-9d3a-1b5453ffbb2b/300x300.jpg
Mes marques Monoprix,6e7b1900-b4f3-42c4-937d-2d0e92f48580,MPX_127271,Monoprix Torti Qualité Supérieure 500G,0.99,1.98,"['Epicerie Salée', 'Pâte, Riz, Céréale et Purée', 'Pâtes', 'Pâtes courtes']",Monoprix,True,False,false,1.0,YEAR,500g,[],https://courses.monoprix.fr/images-v3/0c44253f-c4a3-4340-9d37-d41e42b9d14a/c67f6f29-0302-47fd-8197-f4972dec0760/300x300.jpg
Mes marques Monoprix,99157b43-547b-4c88-935a-6c22d968dd03,MPX_2899577,Monoprix Bio Comté Râpé au Lait Cru 100g,2.65,26.5,"['Bio', 'Crèmerie bio', 'Fromage bio']",Monoprix Bio,True,False,false,2.0,WEEK,100g,['Produit bio'],https://courses.monoprix.fr/images-v3/0c44253f-c4a3-4340-9d37-d41e42b9d14a/5cea3d70-85c7-4190-9741-937c813924c2/300x300.jpg
Mes marques Monoprix,cde08fba-d307-4d79-b61d-4d670e508803,MPX_4199219,Monoprix Blanc de Poulet 6 tranches 240g,2.39,9.96,"['Charcuterie et Traiteur', 'Charcuterie', 'Charcuterie de volaille', 'Blanc de volaille']",Monoprix,True,False,false,1.0,WEEK,240g,[],https://courses.monoprix.fr/images-v3/0c44253f-c4a3-4340-9d37-d41e42b9d14a/acf7c6a7-731e-46ad-9fec-21adc43ed6cc/300x300.jpg
Mes marques Monoprix,a0f98ade-7167-4770-b16d-5c7e6770c697,MPX_723483,Monoprix Fromage blanc 0% nature 4x100g,1.39,3.48,"['Nos sélections', 'Inspiration du moment', 'Nos coups de coeur Origine France']",Monoprix,True,False,false,1.0,WEEK,4 x 100g,[],https://courses.monoprix.fr/images-v3/0c44253f-c4a3-4340-9d37-d41e42b9d14a/80b1e92d-dc7f-489c-afa8-c167793ddaca/300x300.jpg
Mes marques Monoprix,a6657331-3039-4c50-a897-41ccaa488157,MPX_2049135,Monoprix Pizza Margherita Surgelée 350G,2.39,6.83,"['Nos sélections', 'Inspiration du moment', '& Frigo vide', 'Surgelés']",Monoprix,True,False,false,2.0,MONTH,350g,['Produit congelé'],https://courses.monoprix.fr/images-v3/0c44253f-c4a3-4340-9d37-d41e42b9d14a/ddcd0d40-e6b3-4ff7-b354-dc752382f1c7/300x300.jpg
Mes marques Monoprix,5a44adff-1f4e-4f3a-a098-c1d260de7560,MPX_2023134,Monoprix Ricotta 250g,1.39,5.56,"['Produits du monde', 'Italie - Italia', 'Mozzarella, Parmesan, Burrata et Ricotta']",Monoprix,True,False,false,1.0,WEEK,250g,[],https://courses.monoprix.fr/images-v3/0c44253f-c4a3-4340-9d37-d41e42b9d14a/ec700a74-d1fd-4494-acf7-645b39fc96bc/300x300.jpg
Mes marques Monoprix,1c2941c2-1ca3-4db3-b50f-b4eda6a9fb0b,MPX_2638809,Monoprix Bio Galettes De Riz Chocolat Noir 100G,1.99,19.9,"['Bio', 'Epicerie sucrée bio', 'Pain et Galette de riz bio', 'Galette de riz bio']",Monoprix Bio,True,False,false,2.0,MONTH,100g,['Produit bio'],https://courses.monoprix.fr/images-v3/0c44253f-c4a3-4340-9d37-d41e42b9d14a/8c2ff9a1-acb4-45ec-aee5-22ef141ee999/300x300.jpg
Mes marques Monoprix,9e020017-c41a-48e6-9b15-d60f2abdf36e,MPX_969476,Monoprix Petits Beurre Croustillants avec Tablette de Chocolat au Lait 150g,1.75,11.67,"['Nos sélections', 'Boutique Enfants', 'Pour le goûter de vos enfants', 'Biscuit et Goûter']",Monoprix,True,False,false,2.0,MONTH,150g,[],https://courses.monoprix.fr/images-v3/0c44253f-c4a3-4340-9d37-d41e42b9d14a/f0b67595-5c2f-4cbd-9822-e737098c9f92/300x300.jpg
Mes marques Monoprix,c5dee4eb-9da5-49c0-8563-cc2046f181b7,MPX_164819,Monoprix Je suis Vert Essuie-Tout x3,2.99,1.0,"['Bio', 'Entretien écologique', 'Essuie tout et Papier toilette écologique']",Monoprix Je Suis Vert,True,False,false,,,3 par pack,[],https://courses.monoprix.fr/images-v3/0c44253f-c4a3-4340-9d37-d41e42b9d14a/cea45ca6-1009-4224-8def-8513b528d183/300x300.jpg
Mes marques Monoprix,70272bdd-ed52-4d4c-b422-d353c7e9728c,MPX_3729172,Monoprix Monoprix Toulouse Filiere X2 250G,3.19,12.76,"['Nos sélections', 'Inspiration du moment', '& Barbecue', 'Boucherie et Volaille']",Monoprix,True,False,false,3.0,DAY,250g,[],https://courses.monoprix.fr/images-v3/0c44253f-c4a3-4340-9d37-d41e42b9d14a/b1787049-0415-409f-aa46-83f76c6f4f47/300x300.jpg
Mes marques Monoprix,92f45ec0-2b0f-4155-8888-bdb7cfbf66d4,MPX_1962368,Monoprix riz thaï naturellement parfumé 1kg,1.99,1.99,"['Nos recettes', 'Recettes du Monde', '& Khao phat de phuket']",Monoprix,True,False,false,6.0,MONTH,1kg,[],https://courses.monoprix.fr/images-v3/0c44253f-c4a3-4340-9d37-d41e42b9d14a/03bab5fa-186e-4888-a351-9e42a5dc8b3d/300x300.jpg
Mes marques Monoprix,5a1923e8-6b99-4581-ae0c-f16fd338286f,MPX_2612089,Monoprix Crème Légère Semi-Épaisse 18% MG 3x20cl,2.75,4.58,"['Produits Laitiers, Œufs et Fromages', 'Crèmes et Chantilly', 'Crème longue conservation']",Monoprix,True,False,false,1.0,MONTH,3 x 20cl,[],https://courses.monoprix.fr/images-v3/0c44253f-c4a3-4340-9d37-d41e42b9d14a/67adfdae-1530-446d-b2ca-eb69d13c1149/300x300.jpg
Mes marques Monoprix,ada66477-e8f8-4574-85b4-fbae889f1291,MPX_127265,Monoprix Coquillettes Qualité Supérieure 500g,0.85,1.7,"['Epicerie Salée', 'Pâte, Riz, Céréale et Purée', 'Pâtes', 'Pâtes courtes']",Monoprix,True,False,false,1.0,YEAR,500g,[],https://courses.monoprix.fr/images-v3/0c44253f-c4a3-4340-9d37-d41e42b9d14a/84663132-bd6b-441a-9ff5-102f4a019ab9/300x300.jpg
Mes marques Monoprix,dd0569d0-c1eb-4910-8860-ab60e219ec28,MPX_3510986,Monoprix Pois chiches prêts à l'emploi 530g,1.49,2.81,"['Nos recettes', 'Recettes du Monde', ""& Chakchouka d'hiver aux épinars fenouil et pois chiches""]",Monoprix,True,False,false,1.0,YEAR,530g,[],https://courses.monoprix.fr/images-v3/0c44253f-c4a3-4340-9d37-d41e42b9d14a/bd0d26f2-1e65-4f94-8e64-8f9ff3b58b62/300x300.jpg
Mes marques Monoprix,93539ddc-9b7d-4223-bff4-7d2177b296d5,MPX_2321346,Monoprix Bio Endive Sachet 400G,4.99,12.48,"['Bio', 'Fruit et Légume bio', 'Légume frais bio']",Monoprix Bio,True,False,false,2.0,DAY,400g,['Produit bio'],https://courses.monoprix.fr/images-v3/0c44253f-c4a3-4340-9d37-d41e42b9d14a/8240b971-0401-4df4-87da-914069e12089/300x300.jpg
Mes marques Monoprix,98c62411-0e32-4252-bed3-5b9e1f6af987,MPX_1688221,Monoprix Gourmet Feta Affinée en Fût 200g,4.29,21.45,"['Nos sélections', 'Inspiration du moment', '& Les produits méditerranéens', 'Fromages']",Monoprix Gourmet,True,False,false,1.0,MONTH,200g,[],https://courses.monoprix.fr/images-v3/0c44253f-c4a3-4340-9d37-d41e42b9d14a/6db8e94a-b6bb-4ad8-b6a0-46080376aa5e/300x300.jpg
Mes marques Monoprix,8a0616f4-d825-4b2a-ad1c-3d215e97276c,MPX_1525572,Monoprix bio steaks haché bio 2x125g,5.49,21.96,"['Bio', 'Boucherie et Volaille bio', 'Boucherie bio']",Monoprix Bio,True,False,false,2.0,DAY,2 x 125g,['Produit bio'],https://courses.monoprix.fr/images-v3/0c44253f-c4a3-4340-9d37-d41e42b9d14a/71318382-3dc9-4cde-85f0-63cc15917746/300x300.jpg
Mes marques Monoprix,00c7a0ee-ae62-40df-849a-74f792730811,MPX_2158196,Monoprix Gourmet Saucisses de Montbéliard fumées et cuites 250g,8.49,33.96,"['Nos sélections', 'Inspiration du moment', '& Barbecue', 'Boucherie et Volaille']",Monoprix Gourmet,True,False,false,2.0,WEEK,250g,[],https://courses.monoprix.fr/images-v3/0c44253f-c4a3-4340-9d37-d41e42b9d14a/c9165367-11a4-485a-b415-7aba96b486d3/300x300.jpg
Mes marques Monoprix,4140cb01-4196-4b1f-bd5b-65a873fc9a5d,MPX_1802471,Monoprix Galettes Bretonnes Pur Beurre 125g,0.89,7.12,"['Mes marques Monoprix', 'Ça vaut le coût !']",Monoprix,True,False,false,2.0,MONTH,125g,[],https://courses.monoprix.fr/images-v3/0c44253f-c4a3-4340-9d37-d41e42b9d14a/001a551d-146e-43e7-9754-462f2cb8ceca/300x300.jpg
Mes marques Monoprix,1e0c5e73-cecd-49c9-8816-d5b783bc455b,MPX_3822625,Monoprix pesto à la Genovese 190g,1.99,10.47,"['Mes marques Monoprix', 'Monoprix', 'Epicerie salée', 'Sauce et Condiment']",Monoprix,True,False,false,6.0,MONTH,190g,[],https://courses.monoprix.fr/images-v3/0c44253f-c4a3-4340-9d37-d41e42b9d14a/5e5d056e-c35c-4567-9273-7972fd500c64/300x300.jpg
Mes marques Monoprix,ba220edb-7ad2-437e-84a2-f1aee6ff99ef,MPX_2335510,Monoprix Papier Toilette Aloe Vera Double Épaisseur X6,3.35,0.56,"['Entretien & Nettoyage', 'Essuie tout et Papier toilette', 'Papier toilette', 'Par 6']",Monoprix,True,False,false,,,6 par pack,[],https://courses.monoprix.fr/images-v3/0c44253f-c4a3-4340-9d37-d41e42b9d14a/22353ec3-57d0-4fc6-9806-69b2b5c7e7f5/300x300.jpg
Mes marques Monoprix,fe27b89a-68f7-4480-bff0-f56be2d0ce41,MPX_2738543,Monoprix filets de poulet x4 le paquet de 560g,8.95,15.99,"['Boucherie et Volaille', 'Volaille', 'Poulet']",Monoprix,True,False,false,4.0,DAY,560,[],https://courses.monoprix.fr/images-v3/0c44253f-c4a3-4340-9d37-d41e42b9d14a/cecdb3ce-fecb-494b-9261-6f24bab3aa52/300x300.jpg
Mes marques Monoprix,6ca2dd2f-0004-477a-856e-a8042f2b7804,MPX_1919314,Monoprix Gourmet Gouda Au Cumin 250g,2.88,11.5,"['Noël', 'Menu des fêtes', 'Les Fromages']",Monoprix,True,False,false,1.0,WEEK,250,[],https://courses.monoprix.fr/images-v3/0c44253f-c4a3-4340-9d37-d41e42b9d14a/75ccc88b-6bb0-4ecb-9493-e8cdce22ea8c/300x300.jpg
Mes marques Monoprix,d36e6121-3fcb-497c-aa28-f934474428f2,MPX_3379271,"Monoprix Eau gazeuse finement pétillante Puits St Georges 4x1,25L",1.69,0.34,"['Boissons et Lait', 'Eau', 'Eau gazeuse']",Monoprix,True,False,false,1.0,MONTH,4 x 1.25L,[],https://courses.monoprix.fr/images-v3/0c44253f-c4a3-4340-9d37-d41e42b9d14a/7a348f0d-56f7-4410-9a0a-5c946ebb03f7/300x300.jpg
Mes marques Monoprix,469aa329-4584-4f22-8b46-9f7d79c73537,MPX_960610,"Monoprix Amandes grillées et salées, goût fumé 75g",2.09,27.87,"['Epicerie Salée', 'Produit apéritif', 'Cacahuète, Noix, Amande et Pistache', 'Amande et Pistache']",Monoprix,True,False,false,1.0,MONTH,75g,[],https://courses.monoprix.fr/images-v3/0c44253f-c4a3-4340-9d37-d41e42b9d14a/1197438a-b145-4cb6-95be-583bdea41119/300x300.jpg
Mes marques Monoprix,c7e85c76-2f81-4a3e-88a5-60481fb50593,MPX_2738544,Monoprix aiguillettes de poulet x8 300g,5.28,17.59,"['Boucherie et Volaille', 'Volaille', 'Poulet']",Monoprix,True,False,false,4.0,DAY,300,[],https://courses.monoprix.fr/images-v3/0c44253f-c4a3-4340-9d37-d41e42b9d14a/0c579ecc-6069-4cf8-85b7-6312f85901ce/300x300.jpg
Mes marques Monoprix,463ab5b0-f6c7-4840-acaf-052a211ee5cd,MPX_801692,Monoprix Pois Chiches 265g,0.89,3.36,"['Nos recettes', 'Recettes du Monde', ""& Chakchouka d'hiver aux épinars fenouil et pois chiches""]",Monoprix,True,False,false,1.0,YEAR,265g,[],https://courses.monoprix.fr/images-v3/0c44253f-c4a3-4340-9d37-d41e42b9d14a/175a2bc7-1137-4817-8f5d-782fdd6b4a12/300x300.jpg
Mes marques Monoprix,fa9578a3-f257-49c8-9918-04247feb5e40,MPX_2020476,Monoprix Bio Origines Aiguillettes De Poulet 230G,9.45,41.09,"['Bio', 'Boucherie et Volaille bio', 'Volaille bio']",Monoprix Bio,True,False,false,5.0,DAY,230,['Produit bio'],https://courses.monoprix.fr/images-v3/0c44253f-c4a3-4340-9d37-d41e42b9d14a/9308eff7-7966-4a03-8a2f-6d70b3aca8a3/300x300.jpg
Mes marques Monoprix,835d0716-767a-49e5-a316-568eb82a1d73,MPX_2587058,Monoprix Bio Gnocchi à poêler bio 300g,3.55,11.83,"['Nos sélections', 'Inspiration du moment', '& Frigo vide', 'Traiteur']",Monoprix Bio,True,False,false,1.0,WEEK,300g,['Produit bio'],https://courses.monoprix.fr/images-v3/0c44253f-c4a3-4340-9d37-d41e42b9d14a/36944d4c-4891-4ffc-836f-9b8628130671/300x300.jpg
Mes marques Monoprix,a7487161-4ab7-4cca-9d4f-73559f6aa09d,MPX_1455028,Monoprix Houmous 175g,1.99,11.37,"['Produits du monde', 'Oriental', 'Sauce, base culinaire et condiments']",Monoprix,True,False,false,1.0,WEEK,175g,[],https://courses.monoprix.fr/images-v3/0c44253f-c4a3-4340-9d37-d41e42b9d14a/5244dfff-0a0f-45c1-9c99-76f92f67589f/300x300.jpg
Mes marques Monoprix,e25eba06-4bdc-4e1f-a6dc-dfff6d7072ee,MPX_3378881,Monoprix Sacs Poubelle Recyclés Liens Classiques 100L,2.19,2.19,"['Entretien & Nettoyage', 'Accessoire menager', 'Sac poubelle', '100L et plus']",MONOPRIX,True,False,false,,,,[],https://courses.monoprix.fr/images-v3/0c44253f-c4a3-4340-9d37-d41e42b9d14a/fa86254e-a22d-4c5a-a680-dff36d1f334c/300x300.jpg
Mes marques Monoprix,4166f8e9-5b72-4ca6-aa8b-b348b9a0b1e4,MPX_4165508,"Monoprix Lessive savon de Marseille 1,25L",3.49,2.79,"['Entretien & Nettoyage', 'Lessive et soin du linge', 'Lessive', 'Lessive liquide']",Monoprix,True,False,false,,,1.25L,[],https://courses.monoprix.fr/images-v3/0c44253f-c4a3-4340-9d37-d41e42b9d14a/90a807ea-4c5d-40bc-8ef1-8cb921fb0b36/300x300.jpg
Mes marques Monoprix,2dbe9464-718f-48fa-b848-397b152ac6e1,MPX_3403774,Monoprix Truite fumée 180g,6.29,34.94,"['Produits de la Mer', 'Traiteur de la Mer', 'Saumons et truites fumées']",Monoprix,True,False,false,6.0,DAY,180g,[],https://courses.monoprix.fr/images-v3/0c44253f-c4a3-4340-9d37-d41e42b9d14a/c35d0c3d-f4fe-4e78-b7c0-5f1de4045d21/300x300.jpg
Mes marques Monoprix,30d63c6f-c26f-4830-8510-650886b128bb,MPX_3622965,"Monoprix gourdes compotes sans sucres ajoutés, 4 variétés 12x90g",5.99,5.55,"['Nos sélections', 'Inspiration du moment', '& Sélection gros formats', 'Epicerie salée et sucrée']",Monoprix,True,False,false,2.0,MONTH,12 x 90g,[],https://courses.monoprix.fr/images-v3/0c44253f-c4a3-4340-9d37-d41e42b9d14a/610b135c-0393-4323-89c1-1c8903becf7e/300x300.jpg
Mes marques Monoprix,bf405f0b-ea49-47f9-9d9d-db8c09e81e30,MPX_2118515,Monoprix Bio Noix de cajou grillées et salées 120g,4.15,34.58,"['Nos sélections', 'Inspiration du moment', '& Apéro entre amis', 'Epicerie salée']",Monoprix Bio,True,False,false,2.0,MONTH,120g,['Produit bio'],https://courses.monoprix.fr/images-v3/0c44253f-c4a3-4340-9d37-d41e42b9d14a/9529310c-b79e-4373-8e97-59a013c584c5/300x300.jpg
Mes marques Monoprix,1b514a2c-fb02-4185-9d42-87c0951a11c3,MPX_3576252,Monoprix Liquide Vaisselle Peaux Sensibles 500Ml,1.59,3.18,"['Entretien & Nettoyage', 'Produits Nettoyants et Multi Usages', 'Produit Vaisselle', 'Liquide vaisselle']",Monoprix,True,False,false,,,500ml,[],https://courses.monoprix.fr/images-v3/0c44253f-c4a3-4340-9d37-d41e42b9d14a/f9b5b7ba-ce35-4c75-9322-f6be16379023/300x300.jpg
Mes marques Monoprix,60f7f0b9-7510-4bdb-b2e0-00d5e1a954b0,MPX_1612469,Monoprix Carotte râpées Vinaigrette Allégée 300g,0.85,2.83,"['Charcuterie et Traiteur', 'Salade et Sandwich', 'Crudités']",Monoprix,True,False,false,4.0,DAY,300g,[],https://courses.monoprix.fr/images-v3/0c44253f-c4a3-4340-9d37-d41e42b9d14a/58dd00c1-e90b-40ab-b153-6739989e2a90/300x300.jpg
Mes marques Monoprix,4d01168c-d0cd-4423-b1e3-28bdd340b7e5,MPX_1243953,Monoprix Gourmet Saint-Félicien au lait cru 180g,3.09,17.17,"['Nos sélections', 'Inspiration du moment', 'Sélection Charcuterie et Fromage']",Monoprix Gourmet,True,False,false,1.0,WEEK,180g,[],https://courses.monoprix.fr/images-v3/0c44253f-c4a3-4340-9d37-d41e42b9d14a/162b23bc-cdc3-4c0c-b578-0499ab8f9131/300x300.jpg
Mes marques Monoprix,0a9d3e4d-0a0e-41b4-a278-c90ca54e907f,MPX_3563226,Monoprix 8 gyoza aux légumes 220g,4.79,21.77,"['Produits du monde', 'Japon 日本', 'Soupe et Plat cuisiné']",Monoprix,True,False,false,6.0,MONTH,220g,['Produit congelé'],https://courses.monoprix.fr/images-v3/0c44253f-c4a3-4340-9d37-d41e42b9d14a/b63880e7-38f6-435f-8bd1-756fddbec9ee/300x300.jpg
Mes marques Monoprix,39b61b33-1510-4b3b-816f-ee9d68586d3b,MPX_3753108,Monoprix Purée De Pomme Sans Sucres Ajoutés 710G,1.39,1.96,"['Nos sélections', 'Inspiration du moment', '& Sélection formats familiaux', 'Epicerie salée et sucrée']",Monoprix,True,False,false,1.0,YEAR,710g,[],https://courses.monoprix.fr/images-v3/0c44253f-c4a3-4340-9d37-d41e42b9d14a/615e2165-e8d8-4a35-af80-0e0e2c5fe630/300x300.jpg
Mes marques Monoprix,f080d3b7-d068-4ad6-ad51-9211d0981e11,MPX_176920,Monoprix Gourmet Tortina Noisette et Chocolat au Lait 126g,3.15,25.0,"['Mes marques Monoprix', 'Monoprix Gourmet', 'Epicerie Sucrée', 'Biscuit et Gâteau']",Monoprix Gourmet,True,False,false,1.0,MONTH,126g,[],https://courses.monoprix.fr/images-v3/0c44253f-c4a3-4340-9d37-d41e42b9d14a/7d99e851-3df6-4071-8b94-2ef1583c5188/300x300.jpg
Mes marques Monoprix,7b6a7887-ff35-4c40-8d38-b1fa17b7576b,MPX_1964036,Monoprix Tomates Entières Pelées Au Jus 238G,0.79,3.32,"['Mes marques Monoprix', 'Monoprix', 'Epicerie salée', 'Conserve et Plat Cuisiné']",Monoprix,True,False,false,1.0,YEAR,238g,[],https://courses.monoprix.fr/images-v3/0c44253f-c4a3-4340-9d37-d41e42b9d14a/b693c231-460b-4ef4-a7f5-1e6371db0304/300x300.jpg
Mes marques Monoprix,357afb1d-3afd-42e1-8275-daace0b7b07d,MPX_1815913,Monoprix Grenade barquette 120g,2.9,24.17,"['Fruits & Légumes', 'Fruits Frais', 'Fruits Exotiques']",Monoprix,True,False,false,1.0,DAY,120g,[],https://courses.monoprix.fr/images-v3/0c44253f-c4a3-4340-9d37-d41e42b9d14a/b1c252b5-fb2e-4a84-bc60-15336cc096cb/300x300.jpg
Mes marques Monoprix,e503905b-10db-4690-ac84-5ff300a32dc0,MPX_1800579,Monoprix Crackets croustillants goût cacahuète 90g,0.89,9.89,"['Epicerie Salée', 'Produit apéritif', 'Chips et Biscuit Apéritif', 'Crackers et Bretzel']",Monoprix,True,False,false,2.0,MONTH,90g,[],https://courses.monoprix.fr/images-v3/0c44253f-c4a3-4340-9d37-d41e42b9d14a/eb53cf12-fadd-4b99-9156-8381bd6e6e17/300x300.jpg
Mes marques Monoprix,229c8e14-c386-45a8-90e8-525bc07b58c7,MPX_3575738,"Monoprix Bio Gressins nature à l'huile d'olive vierge extra 8,9% 120g",2.65,21.2,"['Epicerie Salée', 'Produit apéritif', 'Chips et Biscuit Apéritif', 'Gressin, Flûte et Torsade']",Monoprix Bio,True,False,false,2.0,MONTH,125g,['Produit bio'],https://courses.monoprix.fr/images-v3/0c44253f-c4a3-4340-9d37-d41e42b9d14a/6efe1267-14a1-40a3-8b42-ad0de06044ce/300x300.jpg
Mes marques Monoprix,8e62ec8d-7216-4f68-bf15-a000dc89c825,MPX_2560374,Monoprix Gourmet Speck fumé au bois de hêtre 80g,4.49,56.13,"['Nos sélections', 'Inspiration du moment', 'Sélection Charcuterie et Fromage']",Monoprix Gourmet,True,False,false,2.0,WEEK,80g,[],https://courses.monoprix.fr/images-v3/0c44253f-c4a3-4340-9d37-d41e42b9d14a/ed2ae0fb-2c6b-4a9c-83e6-286d6aa38e5b/300x300.jpg
Mes marques Monoprix,92f5c23c-ce78-4eb3-b2da-5d921796d17f,MPX_1400568,Monoprix Duo Cotons Maxi Duo X50,1.99,1.99,"['Hygiène & Beauté', 'Papiers toilette, Mouchoirs et Cotons', 'Cotons']",Monoprix,True,False,false,,,,[],https://courses.monoprix.fr/images-v3/0c44253f-c4a3-4340-9d37-d41e42b9d14a/d7bf6ff9-64f6-47e8-8152-69ad7197d9fb/300x300.jpg
Mes marques Monoprix,3d67482f-b42e-47d4-9360-9cf26a51debc,MPX_1350384,Monoprix Riz Basmati Délicatement Parfumé 250G,1.89,7.56,"['Epicerie Salée', 'Plat cuisiné et Repas express', 'Riz express']",Monoprix,True,False,false,2.0,MONTH,250g,[],https://courses.monoprix.fr/images-v3/0c44253f-c4a3-4340-9d37-d41e42b9d14a/6d02e7c8-bf7c-4a3d-9534-4caf7ac19144/300x300.jpg
Mes marques Monoprix,8d496671-5df9-42ad-a489-d2ed74041c98,MPX_161016,Monoprix Lentilles 265g,0.89,3.36,"['Epicerie Salée', 'Conserve', 'Plat cuisiné en conserve']",Monoprix,True,False,false,1.0,YEAR,265g,[],https://courses.monoprix.fr/images-v3/0c44253f-c4a3-4340-9d37-d41e42b9d14a/e3809591-8a2e-4ea1-9814-4aea6ac38c2c/300x300.jpg
Mes marques Monoprix,59593791-482b-4c57-8025-949cf460b411,MPX_3510988,Monoprix Haricots Rouges 500G,1.19,2.38,"['Mes marques Monoprix', 'Monoprix', 'Epicerie salée', 'Conserve et Plat Cuisiné']",Monoprix,True,False,false,1.0,YEAR,500g,[],https://courses.monoprix.fr/images-v3/0c44253f-c4a3-4340-9d37-d41e42b9d14a/e4f9432b-7f47-486c-8d30-f75600fcb3b8/300x300.jpg
Mes marques Monoprix,c977b41e-dbda-404f-8b78-6aa71c3a0c3a,MPX_2046684,"Monoprix Bio Petits fromages frais 3,8% 6x60g",2.09,5.81,"['Bio', 'Crèmerie bio', 'Yaourt bio']",Monoprix Bio,True,False,false,1.0,WEEK,6 x 60g,[],https://courses.monoprix.fr/images-v3/0c44253f-c4a3-4340-9d37-d41e42b9d14a/690a6845-eabc-4b63-a64d-8d761e301bea/300x300.jpg
Mes marques Monoprix,a09c6780-fdf2-4541-9d0b-d57a6783fa87,MPX_4788068,Monoprix maïs doux sans résidus de pesticides 140g,0.75,5.36,"['Nos sélections', 'Inspiration du moment', 'Nos coups de coeur Origine France']",Monoprix,True,False,false,1.0,YEAR,140g,[],https://courses.monoprix.fr/images-v3/0c44253f-c4a3-4340-9d37-d41e42b9d14a/4c983bc8-1437-4f36-a555-365e7f24db5e/300x300.jpg
Mes marques Monoprix,9e164453-186c-4aa1-9ffb-ec24f7b3b6cb,MPX_2699948,Monoprix Bio Galettes de Maïs Bio 110g,1.75,17.5,"['Bio', 'Epicerie sucrée bio', 'Pain et Galette de riz bio', 'Galette de riz bio']",Monoprix Bio,True,False,false,2.0,MONTH,100g,['Produit bio'],https://courses.monoprix.fr/images-v3/0c44253f-c4a3-4340-9d37-d41e42b9d14a/ca381865-36e3-447c-9b37-9ddbea8e1888/300x300.jpg
Mes marques Monoprix,8a1eb21d-6ddc-4412-8387-027568390a89,MPX_1483241,Monoprix lardon allumette fumé 2x100g,2.25,11.25,"['Charcuterie et Traiteur', 'Charcuterie', 'Lardons, Dés et Poitrine', 'Lardon et Allumette']",Monoprix,True,False,false,2.0,WEEK,200g,[],https://courses.monoprix.fr/images-v3/0c44253f-c4a3-4340-9d37-d41e42b9d14a/59bce18f-899a-4f2e-838a-af0ffb55b680/300x300.jpg
Mes marques Monoprix,78192156-78b8-4277-b9a0-af574defe43e,MPX_1419259,Monoprix purée pommes et poires sans sucres 4x100g,1.49,3.73,"['Nos sélections', 'Inspiration du moment', '& Sélection petit déjeuner', 'Epicerie sucrée']",Monoprix,True,False,false,2.0,MONTH,4 x 100g,[],https://courses.monoprix.fr/images-v3/0c44253f-c4a3-4340-9d37-d41e42b9d14a/84ba2675-7380-43d3-95d8-281be939a5e4/300x300.jpg
Mes marques Monoprix,3b41179e-5a92-456e-a1f3-2bd801417480,MPX_1175142,Monoprix Gourmet Flûtes au sésame fines et croquantes 125g,2.49,19.92,"['Epicerie Salée', 'Produit apéritif', 'Chips et Biscuit Apéritif', 'Gressin, Flûte et Torsade']",Monoprix Gourmet,True,False,false,2.0,MONTH,125g,[],https://courses.monoprix.fr/images-v3/0c44253f-c4a3-4340-9d37-d41e42b9d14a/11dafeee-9205-49c0-bf41-7825459bf356/300x300.jpg
Mes marques Monoprix,0f634309-4063-466e-8472-8925344b73be,MPX_3513664,Monoprix Bio Pavés de saumon Bio 240g,11.99,49.96,"['Nos sélections', 'Inspiration du moment', '& Le Coin du marché', 'Poissons']",Monoprix Bio,True,False,false,2.0,DAY,240g,['Produit bio'],https://courses.monoprix.fr/images-v3/0c44253f-c4a3-4340-9d37-d41e42b9d14a/934f89f8-2d60-4241-a078-be36c22d1b3c/300x300.jpg
Mes marques Monoprix,a5b9666f-f519-41dc-b3df-904e99945baf,MPX_880178,Monoprix Bio Galettes Pur Beurre 125G,1.35,10.8,"['Bio', 'Epicerie sucrée bio', 'Biscuit bio']",Monoprix Bio,True,False,false,2.0,MONTH,125g,['Produit bio'],https://courses.monoprix.fr/images-v3/0c44253f-c4a3-4340-9d37-d41e42b9d14a/fb17b429-d6ec-4fc0-aa27-8b1205d522bc/300x300.jpg
Mes marques Monoprix,0f9210be-b85f-4ded-bacb-76397de9a28a,MPX_3858886,Monoprix Rouleaux Essuie-Tout Décorés X3,3.19,1.06,"['Entretien & Nettoyage', 'Essuie tout et Papier toilette', 'Essuie tout']",Monoprix,True,False,false,,,3 par pack,[],https://courses.monoprix.fr/images-v3/0c44253f-c4a3-4340-9d37-d41e42b9d14a/505d4144-a067-44e3-bd17-52e8a5aec3a5/300x300.jpg
Mes marques Monoprix,0179a024-531c-4cd1-a638-e5b3942770a0,MPX_3766236,Monoprix 4 Tranches de filets de Colin d'Alaska MSC 400g,4.15,10.38,"['Nos sélections', 'Boutique Enfants', 'Repas facile pour les enfants', 'Repas']",Monoprix,True,False,false,6.0,MONTH,400g,['Produit congelé'],https://courses.monoprix.fr/images-v3/0c44253f-c4a3-4340-9d37-d41e42b9d14a/3c90c195-27c5-4458-95e3-68e464dbc122/300x300.jpg
Mes marques Monoprix,457ff616-0dff-4ae4-9b06-7f3b8ba145cb,MPX_2292204,Monoprix Bio Cotons Maxi Ovales Duo X40,1.99,1.99,"['Bio', 'Beauté bio', 'Coton bio']",Monoprix Bio,True,False,false,,,,['Produit bio'],https://courses.monoprix.fr/images-v3/0c44253f-c4a3-4340-9d37-d41e42b9d14a/09d3d7c4-cb70-45bc-aae1-ce17b020ca35/300x300.jpg
Mes marques Monoprix,721a6759-7d55-42d0-b3fa-581e4d2f9d63,MPX_1860208,Monoprix Bio épinards en branches bio 600g,2.99,4.98,"['Surgelés', 'Légumes surgelés', 'Légumes surgelés bio']",Monoprix Bio,True,False,false,2.0,MONTH,600g,"['Produit congelé', 'Produit bio']",https://courses.monoprix.fr/images-v3/0c44253f-c4a3-4340-9d37-d41e42b9d14a/5ceb7e27-33fa-4513-bb4a-c14f7597b599/300x300.jpg
Mes marques Monoprix,36b2ef85-2e66-4d1f-a189-58387c2c9d55,MPX_893121,Monoprix Cacahuètes Grillées & Salées 250g,1.05,4.2,"['Epicerie Salée', 'Produit apéritif', 'Cacahuète, Noix, Amande et Pistache', 'Cacahuète']",Monoprix,True,False,false,2.0,MONTH,250g,[],https://courses.monoprix.fr/images-v3/0c44253f-c4a3-4340-9d37-d41e42b9d14a/0e881716-434c-4464-bac4-a1059c32a14e/300x300.jpg
Mes marques Monoprix,ff984de5-6a04-4c20-95f8-93464f8377c4,MPX_811408,Monoprix Chips Ondulées Extra Craquantes 150g,1.25,8.33,"['Epicerie Salée', 'Produit apéritif', 'Chips et Biscuit Apéritif', 'Chips']",Monoprix,True,False,false,1.0,MONTH,150g,[],https://courses.monoprix.fr/images-v3/0c44253f-c4a3-4340-9d37-d41e42b9d14a/538ff1a9-9860-40c8-8661-547f6fcb75ce/300x300.jpg
Mes marques Monoprix,bb9d0cc4-631f-42c7-93c4-c5fd1c576a19,MPX_960614,Monoprix Amandes entières grillées et salées 75g,1.99,26.53,"['Epicerie Salée', 'Produit apéritif', 'Cacahuète, Noix, Amande et Pistache', 'Amande et Pistache']",Monoprix,True,False,false,2.0,MONTH,75g,[],https://courses.monoprix.fr/images-v3/0c44253f-c4a3-4340-9d37-d41e42b9d14a/53e0858d-c39b-43ed-b990-3ca5115f1fee/300x300.jpg
Mes marques Monoprix,58595800-d378-4351-a559-65f378eebd17,MPX_3789464,Monoprix 15 Bâtonnets panés de colin d'Alaska MSC 450g,2.44,5.42,"['Nos sélections', 'Inspiration du moment', '& Frigo vide', 'Surgelés']",Monoprix,True,False,false,6.0,MONTH,450g,['Produit congelé'],https://courses.monoprix.fr/images-v3/0c44253f-c4a3-4340-9d37-d41e42b9d14a/4cedeab7-ed3e-49ca-82b2-60c20760a79a/300x300.jpg
Mes marques Monoprix,608ca984-1ceb-43d5-9744-41a2008ea161,MPX_1120136,Monoprix beurre doux 125g,1.79,14.32,"['Nos sélections', 'Inspiration du moment', ""& La pâtisserie c'est du gâteau"", 'Produits laitiers et œufs']",Monoprix,True,False,false,2.0,WEEK,125g,[],https://courses.monoprix.fr/images-v3/0c44253f-c4a3-4340-9d37-d41e42b9d14a/e0c97af7-17df-40d9-b862-06801a105353/300x300.jpg
Mes marques Monoprix,14bc4464-7c13-42dc-98aa-9f3547912f5c,MPX_2626664,Monoprix Papier Toilette Double Épaisseur X6,1.69,0.28,"['Entretien & Nettoyage', 'Essuie tout et Papier toilette', 'Papier toilette', 'Par 6']",Monoprix,True,False,false,,,6 par pack,[],https://courses.monoprix.fr/images-v3/0c44253f-c4a3-4340-9d37-d41e42b9d14a/d7f56fd5-47d4-43f6-a983-5cd72733dbb2/300x300.jpg
Mes marques Monoprix,989bb900-c9fd-4949-8dad-bfb304868888,MPX_1042373,Monoprix Pain de mie aux 7 céréales 550g,1.29,2.35,"['Nos sélections', 'Inspiration du moment', '& Sélection petit déjeuner', 'Pain, Viennoiserie et Céréales']",Monoprix,True,False,false,5.0,DAY,550g,[],https://courses.monoprix.fr/images-v3/0c44253f-c4a3-4340-9d37-d41e42b9d14a/623801a2-e750-408e-97f7-71b589ef64e1/300x300.jpg
Mes marques Monoprix,6715475f-c7cf-435f-9724-f50625841e44,MPX_3563049,Monoprix saumon fumé élevé en Norvège 6 tranches 210g,7.19,34.24,"['Produits de la Mer', 'Traiteur de la Mer', 'Saumons et truites fumées']",Monoprix,True,False,false,1.0,WEEK,210g,[],https://courses.monoprix.fr/images-v3/0c44253f-c4a3-4340-9d37-d41e42b9d14a/a924dadf-0b30-475f-b6ae-57dc1e36839d/300x300.jpg
Mes marques Monoprix,42c5c1d8-54da-4b22-bef8-51a603672ad1,MPX_1684339,Monoprix Blinis 200g,1.32,6.6,"['Pain et Viennoiserie', 'Toast, Canapé et Blini', 'Blini']",Monoprix,True,False,false,1.0,WEEK,200g,[],https://courses.monoprix.fr/images-v3/0c44253f-c4a3-4340-9d37-d41e42b9d14a/4bac4c4b-f29c-4191-b403-a60f9acfc63c/300x300.jpg
Mes marques Monoprix,d68a5a24-ce8a-484e-9103-aa3a29627424,MPX_2850213,Monoprix Bio Lait Entier Stérilisé Le Pack De 6X1L,9.89,1.65,"['Bio', 'Crèmerie bio', 'Lait bio']",Monoprix Bio,True,False,false,1.0,MONTH,6 x 1L,['Produit bio'],https://courses.monoprix.fr/images-v3/0c44253f-c4a3-4340-9d37-d41e42b9d14a/9e145b3d-4e27-4964-9cc1-66e60d13c7be/300x300.jpg
Mes marques Monoprix,ba3ca554-4bf7-4ccc-888b-dd7c833477f6,MPX_1182734,Monoprix Cœurs de palmiers croquants 220g,2.65,12.05,"['Mes marques Monoprix', 'Monoprix', 'Epicerie salée', 'Conserve et Plat Cuisiné']",Monoprix,True,False,false,1.0,YEAR,220g,[],https://courses.monoprix.fr/images-v3/0c44253f-c4a3-4340-9d37-d41e42b9d14a/70fe0153-6682-4ea5-a87a-9a09a39bc8e7/300x300.jpg
Mes marques Monoprix,811ace74-6d85-4120-b950-5be05af387b5,MPX_3379994,Monoprix Je Suis Vert Liquide Vaisselle Concentré Peaux Délicates 500Ml,1.99,3.98,"['Entretien & Nettoyage', 'Entretien écologique', 'Nettoyant vaisselle écologique']",Monoprix Je suis Vert,True,False,false,,,50cl,[],https://courses.monoprix.fr/images-v3/0c44253f-c4a3-4340-9d37-d41e42b9d14a/1bd28ee4-91cf-4d32-ba94-a269d1ac6f04/300x300.jpg
Mes marques Monoprix,9982d5bc-a5bd-436b-b476-66ab76e6a28b,MPX_2520555,Monoprix Filet de Limande du nord Meunière 2x100g,4.5,22.5,"['Produits de la Mer', 'Poissonnerie', 'Les poissons frais']",Monoprix,True,False,false,2.0,DAY,200g,[],https://courses.monoprix.fr/images-v3/0c44253f-c4a3-4340-9d37-d41e42b9d14a/819065d8-8a2f-4adf-980e-83677f9a25de/300x300.jpg
Mes marques Monoprix,45bc8562-2c7e-45a6-93ba-bd4ddbfaa522,MPX_1816817,Monoprix Bio compote pomme poire sans sucres ajoutés bio 4x100g,2.95,7.38,"['Nos sélections', 'Inspiration du moment', '& Frigo vide', 'Desserts et Yaourts']",Monoprix Bio,True,False,false,3.0,WEEK,400g,['Produit bio'],https://courses.monoprix.fr/images-v3/0c44253f-c4a3-4340-9d37-d41e42b9d14a/e623e2fb-e9eb-4c65-84c6-72b717057ab2/300x300.jpg
Mes marques Monoprix,3b8b3515-2f87-4ccd-be8f-af60149837c6,MPX_1772498,Monoprix Brioche Aux Œufs Frais Tranchée 500G,1.99,3.98,"['Pain et Viennoiserie', 'Pain au lait et Brioche', 'Brioche tranchée et Brioche tressée']",Monoprix,True,False,false,1.0,WEEK,500g,[],https://courses.monoprix.fr/images-v3/0c44253f-c4a3-4340-9d37-d41e42b9d14a/00815fe4-2139-434e-8798-03146c550f1c/300x300.jpg
Mes marques Monoprix,a0c2a417-0389-4667-a25a-349d6c6698e4,MPX_3550873,Monoprix Bio Pois Chiches Bio 265g,2.39,9.02,"['Bio', 'Epicerie salée bio', 'Conserve bio']",Monoprix Bio,True,False,false,1.0,YEAR,265g,['Produit bio'],https://courses.monoprix.fr/images-v3/0c44253f-c4a3-4340-9d37-d41e42b9d14a/bc69f445-3eab-45ab-8ee8-2b90d1ac02a1/300x300.jpg
Mes marques Monoprix,3040f674-3624-43db-9f59-9201a5dc8b40,MPX_3418280,Monoprix Gourmet Pâte Brisée 230g,1.85,8.04,"['Nos sélections', 'Inspiration du moment', '& Frigo vide', 'Traiteur']",Monoprix Gourmet,True,False,false,1.0,WEEK,230g,[],https://courses.monoprix.fr/images-v3/0c44253f-c4a3-4340-9d37-d41e42b9d14a/dda2c3ab-3ca1-4db9-b9d8-6fca4a2a43f1/300x300.jpg
Mes marques Monoprix,2d11f52b-25a3-4cfe-bd03-bad21bf5ed2e,MPX_3717553,"Monoprix Bio Purée De Pommes, Sans Sucres Ajoutés 560g",3.49,6.23,"['Nos sélections', 'Inspiration du moment', '& Sélection petit déjeuner', 'Epicerie sucrée']",Monoprix Bio Origines,True,False,false,1.0,YEAR,560g,['Produit bio'],https://courses.monoprix.fr/images-v3/0c44253f-c4a3-4340-9d37-d41e42b9d14a/693b9984-c313-4a30-95b8-2eea9b444052/300x300.jpg
Mes marques Monoprix,21668a39-1d99-4666-8303-655f7c86f62d,MPX_3033163,Monoprix Gourmet Parmigiano Reggiano 200g,6.54,31.9,"['Produits du monde', 'Italie - Italia', 'Mozzarella, Parmesan, Burrata et Ricotta']",Monoprix Gourmet,True,False,false,1.0,WEEK,205,[],https://courses.monoprix.fr/images-v3/0c44253f-c4a3-4340-9d37-d41e42b9d14a/d7150a9a-fce4-45c4-823d-79c75ee2f4a0/300x300.jpg
Mes marques Monoprix,9d7e597b-d27e-4564-98f4-4351386f52b1,MPX_3033162,Monoprix Gourmet Di Bufala Campana 125G,2.49,19.92,"['Produits du monde', 'Italie - Italia', 'Mozzarella, Parmesan, Burrata et Ricotta']",Monoprix Gourmet,True,False,false,1.0,WEEK,125g,[],https://courses.monoprix.fr/images-v3/0c44253f-c4a3-4340-9d37-d41e42b9d14a/a62cf732-02fb-40ea-8a17-8ead3fedbac8/300x300.jpg
Mes marques Monoprix,33e933fd-febd-46a7-bce4-30ec1cd89971,MPX_3430293,Monoprix bio gouda en tranches bio x8 tranches 200g,3.99,19.95,"['Bio', 'Crèmerie bio', 'Fromage bio']",Monoprix Bio,True,False,false,3.0,WEEK,200g,[],https://courses.monoprix.fr/images-v3/0c44253f-c4a3-4340-9d37-d41e42b9d14a/ab5d71f4-9e02-4bce-8bac-e01eb01b8ec2/300x300.jpg
Mes marques Monoprix,45c1f3c6-93dc-471a-b6be-7a8445bcc31e,MPX_1111607,Monoprix Bio beurre moule demi-sel 250g,3.85,15.4,"['Bio', 'Crèmerie bio', 'Beurre bio']",Monoprix Bio,True,False,false,3.0,WEEK,250g,['Produit bio'],https://courses.monoprix.fr/images-v3/0c44253f-c4a3-4340-9d37-d41e42b9d14a/ff089466-7106-4094-bfd0-f001b678480d/300x300.jpg
Mes marques Monoprix,5d918a1e-da01-4a7b-aebd-35c42dc4d42b,MPX_1892570,Monoprix Gaufres aux Oeufs x6 260g,1.59,6.12,"['Mes marques Monoprix', 'Monoprix', 'Epicerie sucrée', 'Biscuit et Gâteau']",Monoprix,True,False,false,3.0,WEEK,260g,[],https://courses.monoprix.fr/images-v3/0c44253f-c4a3-4340-9d37-d41e42b9d14a/9d01d333-8842-49b4-8e40-a86bbd303f1b/300x300.jpg
Mes marques Monoprix,f53fdfc0-0549-4772-891d-f16f73365829,MPX_2120324,Monoprix Bio Yaourts Citron au Lait Entier 4 x 125g,1.69,3.38,"['Bio', 'Crèmerie bio', 'Yaourt bio']",Monoprix Bio,True,False,false,1.0,WEEK,4 x 125g,[],https://courses.monoprix.fr/images-v3/0c44253f-c4a3-4340-9d37-d41e42b9d14a/61b2e2c5-c25d-41db-895f-076fdebd76bc/300x300.jpg
Mes marques Monoprix,6df2215c-77dc-4c83-bed1-8c16faecdfb6,MPX_1241598,Monoprix Tiramisu au Mascarpone 2x80g,1.99,12.44,"['Produits Laitiers, Œufs et Fromages', 'Desserts', 'Desserts Pâtissiers et Spécialités']",Monoprix,True,False,false,1.0,WEEK,2 x 80g,[],https://courses.monoprix.fr/images-v3/0c44253f-c4a3-4340-9d37-d41e42b9d14a/9dd0b3d4-0226-4649-a34c-d8e9799e323f/300x300.jpg
Mes marques Monoprix,dd68ec0c-fff1-4eaf-982f-9ff41ff82056,MPX_2675609,Monoprix Bio Lait Demi-Écrémé Stérilisé Uht 6X50Cl,5.35,1.78,"['Bio', 'Crèmerie bio', 'Lait bio']",Monoprix Bio,True,False,false,1.0,MONTH,6 x 50cl,['Produit bio'],https://courses.monoprix.fr/images-v3/0c44253f-c4a3-4340-9d37-d41e42b9d14a/4ee51eb4-05c5-496a-90f1-d2f5a66d8af3/300x300.jpg
Mes marques Monoprix,8f249ff1-81a3-4fde-999f-d403d5c3d0a5,MPX_1684340,Monoprix Mini blinis 135g,1.19,8.81,"['Pain et Viennoiserie', 'Toast, Canapé et Blini', 'Blini']",Monoprix,True,False,false,1.0,WEEK,135g,[],https://courses.monoprix.fr/images-v3/0c44253f-c4a3-4340-9d37-d41e42b9d14a/bf07acf2-daa9-43e3-b74f-7d1c90cc849c/300x300.jpg
Mes marques Monoprix,e27a4c32-07a1-4d44-8121-97460dc6d9e1,MPX_2234196,Monoprix Lait UHT entier 6x1L,7.99,1.33,"['Boissons et Lait', 'Lait', 'Lait UHT entier']",Monoprix,True,False,false,1.0,MONTH,6 x 1L,[],https://courses.monoprix.fr/images-v3/0c44253f-c4a3-4340-9d37-d41e42b9d14a/23edf555-5400-4b7e-96ee-36968f3c181f/300x300.jpg
Mes marques Monoprix,4e5fdec9-12f4-46b1-adf6-d9820f88243e,MPX_1834131,Monoprix Pruneaux d'Agen Géants Dénoyautés 500g,5.99,11.98,"['Fruits & Légumes', 'Fruits Secs & Graines', 'Pruneaux, Raisins et Autres Fruits Secs']",Monoprix,True,False,false,2.0,MONTH,500g,[],https://courses.monoprix.fr/images-v3/0c44253f-c4a3-4340-9d37-d41e42b9d14a/8b527440-510a-4471-80d3-8c7b65960d05/300x300.jpg
Mes marques Monoprix,eb810558-ef04-4c5b-8fbc-f2e673042d6d,MPX_127274,Monoprix Crème fluide entière 30% MG 3X20CL,3.19,5.32,"['Nos sélections', 'Inspiration du moment', 'Nos coups de coeur Origine France']",Monoprix,True,False,false,1.0,MONTH,600ml,[],https://courses.monoprix.fr/images-v3/0c44253f-c4a3-4340-9d37-d41e42b9d14a/4be94aa5-4264-4149-90b3-b3a4c7d03363/300x300.jpg
Mes marques Monoprix,397fb494-690f-47b0-b88a-267a41cd1d8a,MPX_3330930,Monoprix Gourmet Fusilli extrudées au bronze 500g,2.39,4.78,"['Epicerie Salée', 'Pâte, Riz, Céréale et Purée', 'Pâtes', 'Pâtes courtes']",Monoprix Gourmet,True,False,false,1.0,YEAR,500g,[],https://courses.monoprix.fr/images-v3/0c44253f-c4a3-4340-9d37-d41e42b9d14a/9268757a-91bc-4856-bb0e-a19b32fa22d3/300x300.jpg
Mes marques Monoprix,93006525-37bb-4dd2-980f-4c7e763d6363,MPX_1860246,Monoprix Bio Yaourt de brebis à la grecque bio 2x150g,2.35,7.83,"['Bio', 'Crèmerie bio', 'Yaourt bio']",Monoprix Bio,True,False,false,1.0,WEEK,2 x 150g,[],https://courses.monoprix.fr/images-v3/0c44253f-c4a3-4340-9d37-d41e42b9d14a/40bfc005-3c85-40b1-a427-9f297daf2de0/300x300.jpg
Mes marques Monoprix,d3231172-6e71-4ce1-b772-dba58412e2f3,MPX_2653975,Monoprix Bio Crevettes cuites décortiquées 100g,4.69,46.9,"['Produits de la Mer', 'Poissonnerie', 'Crevettes et crustacés']",Monoprix Bio,True,False,false,5.0,DAY,100g,['Produit bio'],https://courses.monoprix.fr/images-v3/0c44253f-c4a3-4340-9d37-d41e42b9d14a/63af0662-e290-4391-b886-b8a5a3f2db2d/300x300.jpg
Mes marques Monoprix,320c08ed-dafd-48c4-b860-f7804ca0587e,MPX_178865,Monoprix Gel WC avec Javel 750ml,1.45,1.93,"['Entretien & Nettoyage', 'Salle de bain, WC et Déboucheur', 'Nettoyant WC']",Monoprix,True,False,false,2.0,MONTH,750ml,[],https://courses.monoprix.fr/images-v3/0c44253f-c4a3-4340-9d37-d41e42b9d14a/c6233cc1-5bac-489d-b398-f4a0286f2555/300x300.jpg
Mes marques Monoprix,b35666a7-67ab-4f66-a48d-34d072df8596,MPX_966137,Monoprix Bio lait demi-écrémé stérilisée 6x1L,7.69,1.28,"['Bio', 'Crèmerie bio', 'Lait bio']",Monoprix Bio,True,False,false,1.0,MONTH,6 x 1L,['Produit bio'],https://courses.monoprix.fr/images-v3/0c44253f-c4a3-4340-9d37-d41e42b9d14a/4b0799fc-1e54-4f38-a5d8-9aaff4d7842d/300x300.jpg
Mes marques Monoprix,d889add0-aef4-411c-8793-a78ec6e62e71,MPX_969528,Monoprix Yaourt à la grecque 4x150g,1.89,3.15,"['Nos sélections', 'Inspiration du moment', '& Sélection petit déjeuner', 'Produits laitiers et œufs']",Monoprix,True,False,false,1.0,WEEK,4 x 150g,[],https://courses.monoprix.fr/images-v3/0c44253f-c4a3-4340-9d37-d41e42b9d14a/b10c1ee4-24ee-4e02-b5b4-01247cd7f7d8/300x300.jpg
Mes marques Monoprix,bafdc4a4-5356-4061-a44d-96019ed205a8,MPX_2008360,Monoprix Etuis Mouchoirs Compacts Douceur & Résistance X15,1.29,1.29,"['Hygiène & Beauté', 'Papiers toilette, Mouchoirs et Cotons', 'Mouchoirs', 'Etuis']",Monoprix,True,False,false,,,,[],https://courses.monoprix.fr/images-v3/0c44253f-c4a3-4340-9d37-d41e42b9d14a/0c5943b4-c5c5-4e0a-9e01-8777dc0682e3/300x300.jpg
Mes marques Monoprix,efad3175-83c3-4b38-9437-9e867f58a440,MPX_127272,Monoprix Crème Fluide Légère Stérilisée 3x20cl,1.93,3.22,"['Nos sélections', 'Inspiration du moment', '& Frigo vide', 'Produits laitiers et Œufs']",Monoprix,True,False,false,1.0,MONTH,3 x 20cl,[],https://courses.monoprix.fr/images-v3/0c44253f-c4a3-4340-9d37-d41e42b9d14a/901def68-0f4c-409b-a8af-d4e897d574fc/300x300.jpg
Mes marques Monoprix,64a3ac4c-3141-431a-80ed-203ec8783693,MPX_1419906,Monoprix Gourmet Filets de Poulet Fermier x2 300g,7.26,26.39,"['Boucherie et Volaille', 'Volaille', 'Poulet']",Monoprix Gourmet,True,False,false,3.0,DAY,275,[],https://courses.monoprix.fr/images-v3/0c44253f-c4a3-4340-9d37-d41e42b9d14a/2ba25e2c-2ab0-48d8-a0bf-49c5806a3854/300x300.jpg
Mes marques Monoprix,9246b4eb-4b37-4979-92ad-b18c17b5794f,MPX_962397,Monoprix Noix de Cajou Grillées et Salées 125g,2.85,22.8,"['Nos sélections', 'Inspiration du moment', '& Apéro entre amis', 'Epicerie salée']",Monoprix,True,False,false,2.0,MONTH,125g,[],https://courses.monoprix.fr/images-v3/0c44253f-c4a3-4340-9d37-d41e42b9d14a/af289a49-6db1-4dc8-8e6c-8e61f38e5fb4/300x300.jpg
Mes marques Monoprix,0483de57-a85d-4e1f-9a2b-e9a121842fed,MPX_1334846,Monoprix Bio Huile d'Olive Vierge Extra 750ml,8.99,11.99,"['Nos recettes', 'Recettes du Monde', '& Ceviche de Dorade Polenta']",Monoprix Bio,True,False,false,2.0,MONTH,750ml,['Produit bio'],https://courses.monoprix.fr/images-v3/0c44253f-c4a3-4340-9d37-d41e42b9d14a/111c0b78-b6cb-4d81-9e63-5f2c0b4006ab/300x300.jpg
Mes marques Monoprix,6f6bd8e9-5307-449b-ab18-32b8c611542f,MPX_2216598,Monoprix Gourmet Demi-Baguettes Précuites 2X125G,1.75,7.0,"['Nos sélections', 'Inspiration du moment', '& Notre sélection brunch', 'Pains']",Monoprix Gourmet,True,False,false,4.0,WEEK,250g,[],https://courses.monoprix.fr/images-v3/0c44253f-c4a3-4340-9d37-d41e42b9d14a/f7fa0c37-efef-4750-bbc6-f8dbc92095cd/300x300.jpg
Mes marques Monoprix,642c4bb1-de3d-4e8c-8d2f-88bd004b7555,MPX_1387077,Monoprix Eponges Végétales Grattantes x3,1.49,0.5,"['Entretien & Nettoyage', 'Accessoire menager', 'Eponge et lavette']",Monoprix,True,False,false,,,3 par pack,[],https://courses.monoprix.fr/images-v3/0c44253f-c4a3-4340-9d37-d41e42b9d14a/f87fa34d-d413-48b9-a57a-2b2f5d138734/300x300.jpg
Mes marques Monoprix,50687fd4-409a-4479-84b4-59764c4ec6e6,MPX_3232463,Monoprix Sucre Blanc en Poudre 750g,1.59,2.12,"['Nos sélections', 'Inspiration du moment', '& Frigo vide', 'Epicerie sucrée']",Monoprix,True,False,false,2.0,MONTH,750g,[],https://courses.monoprix.fr/images-v3/0c44253f-c4a3-4340-9d37-d41e42b9d14a/ad1a768f-2dcf-4086-a859-7a0e6b13255f/300x300.jpg
Mes marques Monoprix,725bcf24-29d8-4032-a4da-ae57a3a032ab,MPX_3379196,Monoprix Emmental Râpé 500g,4.39,8.78,"['Produits Laitiers, Œufs et Fromages', 'Fromages à cuisiner, raclettes et apéritifs', 'Fromages râpés']",Monoprix,True,False,false,3.0,WEEK,500g,[],https://courses.monoprix.fr/images-v3/0c44253f-c4a3-4340-9d37-d41e42b9d14a/3f53b53b-d2b0-4bf3-b65e-cae529242d3f/300x300.jpg
Mes marques Monoprix,cd01aab6-87b6-4076-8ac2-93e50b583aaf,MPX_2278222,"Monoprix Boîte Mouchoirs Ultra Confort, Ultra Douceur & Résistance",1.59,0.01,"['Mes marques Monoprix', 'Monoprix', 'Hygiène Beauté', 'Mouchoir et Coton']",Monoprix,True,False,false,,,110 par pack,[],https://courses.monoprix.fr/images-v3/0c44253f-c4a3-4340-9d37-d41e42b9d14a/fa06b9c8-e20d-46b7-9057-9ecd998c1275/300x300.jpg
Mes marques Monoprix,242a687e-936f-47ab-8645-1d7c067d9f1c,MPX_886383,Monoprix Gourmet Ravioles du Dauphiné 240g,3.65,15.21,"['Nos sélections', 'Inspiration du moment', '& Frigo vide', 'Traiteur']",Monoprix Gourmet,True,False,false,1.0,WEEK,240g,[],https://courses.monoprix.fr/images-v3/0c44253f-c4a3-4340-9d37-d41e42b9d14a/4778c32b-93f3-4c5a-aae7-0cfa9672172b/300x300.jpg
Mes marques Monoprix,dd0cdd27-2ea4-4266-9839-c5cfc8cc6923,MPX_2865056,Monoprix Gourmet Pain multicéréales 500g,2.99,5.98,"['Nos sélections', 'Inspiration du moment', '& Notre sélection brunch', 'Pains']",Monoprix Gourmet,True,False,false,4.0,WEEK,500g,[],https://courses.monoprix.fr/images-v3/0c44253f-c4a3-4340-9d37-d41e42b9d14a/3a417e56-802f-40eb-b78a-f483666ee117/300x300.jpg
Mes marques Monoprix,b150aa66-ea32-41bc-a1a4-f176289da79c,MPX_1247424,Monoprix Pâte brisée prête à dérouler 230g,0.75,3.26,"['Mes marques Monoprix', 'Monoprix', 'Produits Frais', 'Traiteur']",Monoprix,True,False,false,1.0,WEEK,230g,[],https://courses.monoprix.fr/images-v3/0c44253f-c4a3-4340-9d37-d41e42b9d14a/2cdd8426-d490-464d-a5c6-b0c302dabb29/300x300.jpg
Mes marques Monoprix,ab0eaebb-3d8a-43f5-b49c-90cb7bbd731f,MPX_3599268,Monoprix Jambon Cuit 6 Tranches Sans Couenne,3.25,13.54,"['Charcuterie et Traiteur', 'Charcuterie', 'Jambon blanc']",Monoprix,True,False,false,1.0,WEEK,240g,[],https://courses.monoprix.fr/images-v3/0c44253f-c4a3-4340-9d37-d41e42b9d14a/071e6440-bda0-4552-8105-07b6d9d78be2/300x300.jpg
Mes marques Monoprix,b4097012-858c-443a-b4d2-340ea9addab9,MPX_1682601,Monoprix Jus orange sans pulpe 100% fruit pressé 1L,1.95,1.95,"['Boissons et Lait', 'Jus et Sirop', ""Jus d'orange""]",Monoprix,True,False,false,1.0,MONTH,1L,[],https://courses.monoprix.fr/images-v3/0c44253f-c4a3-4340-9d37-d41e42b9d14a/0aeb2d53-521e-4fa6-b9b7-493fed013205/300x300.jpg
Mes marques Monoprix,2d5c18d0-9f61-4c72-b702-ce7ad8aa8902,MPX_3636371,Monoprix Œufs Frais de poules élevées en plein air x18,6.29,0.35,"['Nos sélections', 'Inspiration du moment', '& Sélection gros formats', 'Crèmerie']",Monoprix,True,False,false,1.0,WEEK,18 par pack,[],https://courses.monoprix.fr/images-v3/0c44253f-c4a3-4340-9d37-d41e42b9d14a/da40f0f3-5bf9-4661-9b95-ae9e6fa5c5ce/300x300.jpg
Mes marques Monoprix,e5af62e1-d95f-4338-911b-eb8bbe0c90b5,MPX_732652,Monoprix Bio mozzarella au lait de vache bio 125g,1.79,14.32,"['Produits du monde', 'Italie - Italia', 'Mozzarella, Parmesan, Burrata et Ricotta']",Monoprix Bio,True,False,false,1.0,WEEK,125g,['Produit bio'],https://courses.monoprix.fr/images-v3/0c44253f-c4a3-4340-9d37-d41e42b9d14a/9ab982eb-4d5a-4309-be67-3cbf1f74947b/300x300.jpg
Mes marques Monoprix,607dca1c-56e4-4925-bd8c-2e4d53bd8f77,MPX_3718290,Monoprix Liquide Vaisselle Concentré Super Dégraissant Citron 750Ml,1.25,1.67,"['Entretien & Nettoyage', 'Produits Nettoyants et Multi Usages', 'Produit Vaisselle', 'Liquide vaisselle']",Monoprix,True,False,false,,,750ml,[],https://courses.monoprix.fr/images-v3/0c44253f-c4a3-4340-9d37-d41e42b9d14a/fa0b7852-fab4-4183-b1b5-3ee6e7accdf0/300x300.jpg
Mes marques Monoprix,71d1d983-9088-4821-b318-3c14d7bec409,MPX_130899,Monoprix Chocolat Noir Pâtissier Dessert 200G,1.89,9.45,"['Epicerie Sucrée', 'Sucre, Farine et Aide à la pâtisserie', 'Chocolat à pâtisser']",Monoprix,True,False,false,6.0,MONTH,200g,[],https://courses.monoprix.fr/images-v3/0c44253f-c4a3-4340-9d37-d41e42b9d14a/ffb93570-a97b-4b4e-b9b3-4fcbba4a82a2/300x300.jpg
Mes marques Monoprix,24d23cc4-2328-4940-ad00-4b32b668653b,MPX_2222100,Monoprix Bio Tomates Cerises Allongées 200g,3.49,17.45,"['Fruits & Légumes', 'Légumes Frais', 'Tomates']",Monoprix Bio,True,False,false,4.0,DAY,200g,['Produit bio'],https://courses.monoprix.fr/images-v3/0c44253f-c4a3-4340-9d37-d41e42b9d14a/ca47c094-f452-4895-af07-fd4802ee8efb/300x300.jpg
Mes marques Monoprix,d048e5d3-4e0f-47b6-a44b-e6478a00d09b,MPX_1663641,Monoprix laitue iceberg 300g,0.99,3.3,"['Fruits & Légumes', 'Prêts à consommer', 'Salades']",Monoprix,True,False,false,2.0,DAY,300g,[],https://courses.monoprix.fr/images-v3/0c44253f-c4a3-4340-9d37-d41e42b9d14a/18307a46-06d8-4e22-9226-96cddd815459/300x300.jpg
Mes marques Monoprix,1b40073b-1752-40a8-b6ce-5244f5235cb0,MPX_1386864,Monoprix Bio Jus de pomme 100% pur jus bio 1L,2.49,2.49,"['Bio', 'Boisson et Cave bio', 'Jus bio']",Monoprix Bio,True,False,false,1.0,MONTH,1L,['Produit bio'],https://courses.monoprix.fr/images-v3/0c44253f-c4a3-4340-9d37-d41e42b9d14a/37c86d8a-512d-455d-9a0a-5e437634ce2c/300x300.jpg
Mes marques Monoprix,f04a8411-a83d-4f72-95ce-19b21a14b3a9,MPX_3526386,Monoprix Bâtonnets Coton Tige Papier Embout 100% Coton x160,1.09,0.01,"['Hygiène & Beauté', 'Papiers toilette, Mouchoirs et Cotons', 'Cotons-tiges']",Monoprix,True,False,false,,,160 par pack,[],https://courses.monoprix.fr/images-v3/0c44253f-c4a3-4340-9d37-d41e42b9d14a/eaf2b4b0-49be-4313-91ad-582d04612840/300x300.jpg
Mes marques Monoprix,cfafebd3-79fa-4418-84d5-c555c8fc317a,MPX_1346972,Monoprix Papier cuisson 8m,1.69,1.69,"['Entretien & Nettoyage', 'Accessoire menager', 'Emballage alimentaire', 'Papier cuisson']",MONOPRIX,True,False,false,,,,[],https://courses.monoprix.fr/images-v3/0c44253f-c4a3-4340-9d37-d41e42b9d14a/ecc04746-077d-443e-ac67-146c76ee452f/300x300.jpg
Mes marques Monoprix,ddfcb2de-7dcb-4ec5-9349-f9ffe4ade014,MPX_142227,Monoprix Cœur de laitue sachet de 200g,1.99,9.95,"['Fruits & Légumes', 'Prêts à consommer', 'Salades']",Monoprix,True,False,false,1.0,DAY,200g,[],https://courses.monoprix.fr/images-v3/0c44253f-c4a3-4340-9d37-d41e42b9d14a/da101a4f-ff7e-403a-9eb3-5e0e4e450e33/300x300.jpg
Mes marques Monoprix,1f37f531-8dd8-4593-8b97-af71a89b8009,MPX_4219884,Monoprix Bio Crèpes moelleuses 210g,2.99,14.24,"['Nos sélections', 'Inspiration du moment', '& Frigo vide', 'Traiteur']",Monoprix Bio,True,False,false,6.0,DAY,210g,['Produit bio'],https://courses.monoprix.fr/images-v3/0c44253f-c4a3-4340-9d37-d41e42b9d14a/8b8672d5-b9b9-4f36-acac-bf8f29fc0a29/300x300.jpg
Mes marques Monoprix,91156bb9-845d-4e5c-87b8-6ca9c473dc32,MPX_1990975,Monoprix Lardons Nature Qualité Supérieure 200g,1.65,8.25,"['Charcuterie et Traiteur', 'Charcuterie', 'Lardons, Dés et Poitrine', 'Lardon et Allumette']",Monoprix,True,False,false,2.0,WEEK,200g,[],https://courses.monoprix.fr/images-v3/0c44253f-c4a3-4340-9d37-d41e42b9d14a/96a773cb-cd03-4f00-a858-8881ac4bfbe3/300x300.jpg
Mes marques Monoprix,57940323-0fbf-4672-9def-339cb59290e3,MPX_2482851,Monoprix Boîte De Mouchoirs Cube,1.99,0.03,"['Hygiène & Beauté', 'Papiers toilette, Mouchoirs et Cotons', 'Mouchoirs', 'Boîtes']",Monoprix,True,False,false,,,60 par pack,[],https://courses.monoprix.fr/images-v3/0c44253f-c4a3-4340-9d37-d41e42b9d14a/add1b88d-e13d-4813-9c5b-27778f3c7b67/300x300.jpg
Mes marques Monoprix,7b37f4a4-4d68-424a-abf8-6ad8cab18918,MPX_1860599,Monoprix tortellini ricotta épinards aux œufs frais 300g,1.99,6.63,"['Mes marques Monoprix', 'Monoprix', 'Produits Frais', 'Traiteur']",Monoprix,True,False,false,2.0,WEEK,300g,[],https://courses.monoprix.fr/images-v3/0c44253f-c4a3-4340-9d37-d41e42b9d14a/ba377f3e-94eb-4810-bcc5-92bf0162ebbf/300x300.jpg
Mes marques Monoprix,49a80bb9-a159-44cb-8a31-a200c88df49c,MPX_1561154,Monoprix Gourmet Emincés Saumon Fumé aux 5 Baies 100g,6.99,69.9,"['Produits de la Mer', 'Traiteur de la Mer', 'Saumons et truites fumées']",Monoprix Gourmet,True,False,false,1.0,WEEK,100g,[],https://courses.monoprix.fr/images-v3/0c44253f-c4a3-4340-9d37-d41e42b9d14a/479d8c95-6b75-46ed-b41d-4f74367b8d43/300x300.jpg
Mes marques Monoprix,79b9ba28-76e1-453d-9d54-67e462285b34,MPX_2412525,"Monoprix Tous Cultiv'Acteurs Pommes Rouge Gala, catégorie 1 x4 fruits",2.49,0.62,"['Fruits & Légumes', 'Monoprix Tous Cultiv’Acteurs', 'Fruits']",Monoprix tous cultiv'acteur,True,False,false,3.0,DAY,4 par pack,[],https://courses.monoprix.fr/images-v3/0c44253f-c4a3-4340-9d37-d41e42b9d14a/0e8c5259-9287-4563-823a-55c225ca18b4/300x300.jpg
Mes marques Monoprix,2d53d03f-3024-4093-ad52-29890cb443ab,MPX_1625130,Monoprix Lait Demi-Ecrémé Stérilisé 6x1L,6.29,1.05,"['Boissons et Lait', 'Lait', 'Lait UHT demi-écrémé']",Monoprix,True,False,false,1.0,MONTH,6 x 1L,[],https://courses.monoprix.fr/images-v3/0c44253f-c4a3-4340-9d37-d41e42b9d14a/88e58a2b-42e5-43ec-b0fd-44f8d6d61d81/300x300.jpg
Mes marques Monoprix,43a91278-97bc-4e0e-8e35-d1a53338e9fa,MPX_1121677,Monoprix Bio Maïs Doux En Grains 285G,1.35,4.74,"['Bio', 'Epicerie salée bio', 'Conserve bio']",Monoprix Bio,True,False,false,1.0,YEAR,285g,['Produit bio'],https://courses.monoprix.fr/images-v3/0c44253f-c4a3-4340-9d37-d41e42b9d14a/7f668259-9ab9-4b00-8349-bc225340c3a7/300x300.jpg
Mes marques Monoprix,d69e34d8-7cbf-49a2-883e-29f6710d3fe3,MPX_1701318,Monoprix Gourmet Comté AOP au lait cru 220g,5.85,26.59,"['Nos sélections', 'Inspiration du moment', 'Sélection Charcuterie et Fromage']",Monoprix Gourmet,True,False,false,3.0,WEEK,220g,[],https://courses.monoprix.fr/images-v3/0c44253f-c4a3-4340-9d37-d41e42b9d14a/51e1de19-f600-4a14-8ecb-9a0706d2c3b8/300x300.jpg
Mes marques Monoprix,b337a04a-501b-41ec-b5f8-5a5c526feeee,MPX_2836029,Monoprix Thon Albacore au Naturel 140g,2.45,17.5,"['Nos sélections', 'Inspiration du moment', '& Tout pour faire sa salade', 'Produits de la mer']",Monoprix,True,False,false,1.0,YEAR,140g,[],https://courses.monoprix.fr/images-v3/0c44253f-c4a3-4340-9d37-d41e42b9d14a/2e88b3dc-4115-438b-a72c-470a91d3c59e/300x300.jpg
Mes marques Monoprix,be0f2778-019a-4bf9-80e5-3023da3686cf,MPX_1261829,Monoprix emmental en tranches x8 tranches 200g,1.99,9.95,"['Produits Laitiers, Œufs et Fromages', 'Fromages à cuisiner, raclettes et apéritifs', 'Fromages en tranches']",Monoprix,True,False,false,1.0,MONTH,200g,[],https://courses.monoprix.fr/images-v3/0c44253f-c4a3-4340-9d37-d41e42b9d14a/96b5ce6c-a0d4-497a-8dfc-8a6cc6888083/300x300.jpg
Mes marques Monoprix,d82fdd8c-865c-4c12-922f-617f5a5fc155,MPX_887696,Monoprix Sacs poubelle à poignées 70% recyclés 30L,2.55,2.55,"['Entretien & Nettoyage', 'Accessoire menager', 'Sac poubelle', '30L']",MONOPRIX,True,False,false,,,,[],https://courses.monoprix.fr/images-v3/0c44253f-c4a3-4340-9d37-d41e42b9d14a/344786c1-7364-4046-8422-64da0f87bbd4/300x300.jpg
Mes marques Monoprix,297a0a26-8eb4-4f31-9bc5-bf65573db076,MPX_2963137,Monoprix Gourmet Burrata au lait de vache 120g,2.99,24.92,"['Nos sélections', 'Inspiration du moment', '& Le Coin du marché', 'Fromage']",Monoprix Gourmet,True,False,false,6.0,DAY,120g,[],https://courses.monoprix.fr/images-v3/0c44253f-c4a3-4340-9d37-d41e42b9d14a/06aeafcd-58fc-44b4-8fd0-e8590d50b9b8/300x300.jpg
Mes marques Monoprix,26496778-7dba-4634-9999-38aed130d3a1,MPX_2588012,Monoprix Bio Parmigiano Reggiano râpé bio AOP 50g,2.15,43.0,"['Produits du monde', 'Italie - Italia', 'Mozzarella, Parmesan, Burrata et Ricotta']",Monoprix Bio,True,False,false,2.0,WEEK,50g,['Produit bio'],https://courses.monoprix.fr/images-v3/0c44253f-c4a3-4340-9d37-d41e42b9d14a/17a313aa-84fe-403d-819e-58fa34ae5fc8/300x300.jpg
Mes marques Monoprix,1165f852-4e5d-4b6d-be67-b05dea672d43,MPX_3405415,Monoprix Eau de source 5L,0.79,0.16,"['Boissons et Lait', 'Eau', 'Eau plate']",Monoprix,True,False,false,1.0,MONTH,5L,[],https://courses.monoprix.fr/images-v3/0c44253f-c4a3-4340-9d37-d41e42b9d14a/60f9e407-2a1d-4141-9221-1ebf904b150c/300x300.jpg
Mes marques Monoprix,36ef0dc2-afed-4d42-9e1d-404aa026c3d3,MPX_1860600,Monoprix tagliatelles aux œufs frais 350g,1.25,3.57,"['Mes marques Monoprix', 'Ça vaut le coût !']",Monoprix,True,False,false,2.0,WEEK,350g,[],https://courses.monoprix.fr/images-v3/0c44253f-c4a3-4340-9d37-d41e42b9d14a/c1a4a79a-beea-4c26-b67c-0192629b55e2/300x300.jpg
Mes marques Monoprix,51196608-ccfd-4762-8f1e-da78d21f98eb,MPX_150781,Monoprix Haricots Verts Extra-Fins 440g,1.89,4.3,"['Nos sélections', 'Inspiration du moment', 'Nos coups de coeur Origine France']",Monoprix,True,False,false,1.0,YEAR,440g,[],https://courses.monoprix.fr/images-v3/0c44253f-c4a3-4340-9d37-d41e42b9d14a/3dbf59c9-d613-4c89-97a6-bc15288e5a48/300x300.jpg
Mes marques Monoprix,87435629-4dba-4891-86ee-8f54eeebfbb2,MPX_2045982,Monoprix Pecorino Romano râpé AOP 50g,1.49,29.8,"['Produits du monde', 'Italie - Italia', 'Mozzarella, Parmesan, Burrata et Ricotta']",Monoprix,True,False,false,2.0,WEEK,50g,[],https://courses.monoprix.fr/images-v3/0c44253f-c4a3-4340-9d37-d41e42b9d14a/6422eb2a-f2b0-4e8d-bd44-61d8de1ab1b6/300x300.jpg
Mes marques Monoprix,a0df24f8-8ab6-49e4-bf4e-abf98b7ea7fc,MPX_1172151,Monoprix Je Suis Vert Essuie-Tout Compact X2,2.65,1.33,"['Bio', 'Entretien écologique', 'Essuie tout et Papier toilette écologique']",Monoprix Je Suis Vert,True,False,false,,,2 par pack,[],https://courses.monoprix.fr/images-v3/0c44253f-c4a3-4340-9d37-d41e42b9d14a/46f045d0-ae84-42eb-9e46-bd928aa63a7e/300x300.jpg
Mes marques Monoprix,8985453b-33e8-4ad8-8a76-29c6215d60cf,MPX_125410,Monoprix fromage blanc 0% le pot de 1kg,1.95,1.95,"['Nos sélections', 'Inspiration du moment', '& Sélection gros formats', 'Crèmerie']",Monoprix,True,False,false,1.0,WEEK,1kg,[],https://courses.monoprix.fr/images-v3/0c44253f-c4a3-4340-9d37-d41e42b9d14a/65fd96bd-138d-43e2-aac2-fa40031f7b6c/300x300.jpg
Mes marques Monoprix,89d1dbb9-fe5e-4a9c-82cc-b3622db08883,MPX_1255207,Monoprix Emmental français riche en calcium 250g,2.19,8.76,"['Nos sélections', 'Inspiration du moment', 'Nos coups de coeur Origine France']",Monoprix,True,False,false,2.0,WEEK,250g,[],https://courses.monoprix.fr/images-v3/0c44253f-c4a3-4340-9d37-d41e42b9d14a/fc35a52b-9152-4e42-940d-803e01524feb/300x300.jpg
Mes marques Monoprix,d1c34645-4ab8-4105-96f8-a0b669ca5f31,MPX_1596746,Monoprix mangue en morceaux 200g,3.39,16.95,"['Fruits & Légumes', 'Fruits Frais', 'Fruits découpés']",Monoprix,True,False,false,2.0,DAY,200g,[],https://courses.monoprix.fr/images-v3/0c44253f-c4a3-4340-9d37-d41e42b9d14a/22c3d03f-3fe7-4f46-9eda-9a55433b7fd1/300x300.jpg
Mes marques Monoprix,92c6c4c9-6ac0-48f5-9ae5-365bca8f5533,MPX_1891751,Monoprix Bio Yaourt nature pack 12 x 125g,3.49,2.33,"['Bio', 'Crèmerie bio', 'Yaourt bio']",Monoprix Bio,True,False,false,1.0,WEEK,12 x 125g,['Produit bio'],https://courses.monoprix.fr/images-v3/0c44253f-c4a3-4340-9d37-d41e42b9d14a/07496a0a-a4c0-4f93-ae5e-4b32a2b4fa79/300x300.jpg
Mes marques Monoprix,0acbcabf-26b7-4b2f-83d0-1e5cb827f54c,MPX_1247547,Monoprix Emmental français râpé 3x70g,1.89,9.0,"['Produits Laitiers, Œufs et Fromages', 'Fromages à cuisiner, raclettes et apéritifs', 'Fromages râpés']",Monoprix,True,False,false,3.0,WEEK,210g,[],https://courses.monoprix.fr/images-v3/0c44253f-c4a3-4340-9d37-d41e42b9d14a/c8d573b7-901b-450e-9f28-71610c56e407/300x300.jpg
Mes marques Monoprix,9e6d69f3-0c93-44b6-9e92-2de98febd99c,MPX_576724,Monoprix Bio Origines Filets De Poulet Fermier X2 300G,10.27,36.69,"['Bio', 'Boucherie et Volaille bio', 'Volaille bio']",Monoprix Bio Origines,True,False,false,3.0,DAY,280,['Produit bio'],https://courses.monoprix.fr/images-v3/0c44253f-c4a3-4340-9d37-d41e42b9d14a/0d5aa3d2-aeda-4d52-85c8-394bcdc8a91e/300x300.jpg
Mes marques Monoprix,714c238b-9eab-4b80-9c69-285bead35aa9,MPX_189966,Monoprix Crème Fraîche Légère 15% de Matières Grasses 20cl,0.95,4.75,"['Produits Laitiers, Œufs et Fromages', 'Crèmes et Chantilly', 'Crème fraîche']",Monoprix,True,False,false,1.0,WEEK,200ml,[],https://courses.monoprix.fr/images-v3/0c44253f-c4a3-4340-9d37-d41e42b9d14a/149f6206-b8ba-409b-86b1-01004e7f9a86/300x300.jpg
Mes marques Monoprix,85597f81-ef62-45c7-bcdc-23859e622174,MPX_2563754,Monoprix Cheddar rouge râpé 140g,2.89,20.64,"['Nos sélections', 'Inspiration du moment', '& Frigo vide', 'Produits laitiers et Œufs']",Monoprix,True,False,false,3.0,WEEK,140g,[],https://courses.monoprix.fr/images-v3/0c44253f-c4a3-4340-9d37-d41e42b9d14a/47e9c30c-82f6-4bbf-8c8d-27e1b713d1bd/300x300.jpg
Mes marques Monoprix,e8519154-f335-4784-87cb-3922efaa6dae,MPX_3378880,Monoprix Sacs Poubelle Liens Classiques 50L,1.95,1.95,"['Entretien & Nettoyage', 'Accessoire menager', 'Sac poubelle', '50L']",MONOPRIX,True,False,false,,,,[],https://courses.monoprix.fr/images-v3/0c44253f-c4a3-4340-9d37-d41e42b9d14a/ba84ad0a-3c6e-4337-9b9f-9bad6dfeb7e5/300x300.jpg
Mes marques Monoprix,2a3c74e0-1dff-4c10-9371-647dc16dc625,MPX_1878528,Monoprix Bio Riz Basmati 500G,2.49,4.98,"['Epicerie Salée', 'Pâte, Riz, Céréale et Purée', 'Pâte, Riz, Purée et Légume sec bio']",Monoprix Bio,True,False,false,6.0,MONTH,500g,['Produit bio'],https://courses.monoprix.fr/images-v3/0c44253f-c4a3-4340-9d37-d41e42b9d14a/5bae1e73-3081-4280-93cb-fc6d0bedad60/300x300.jpg
Mes marques Monoprix,19ecd660-e1b8-49be-ace9-73c3026e0c08,MPX_3367305,Monoprix Eau Déminéralisée 1l,0.89,0.89,"['Mes marques Monoprix', 'Monoprix', 'Entretien et Animaux', 'Soin du Linge']",Monoprix,True,False,false,,,1L,[],https://courses.monoprix.fr/images-v3/0c44253f-c4a3-4340-9d37-d41e42b9d14a/d976594f-4205-4968-8883-872542d59add/300x300.jpg
Mes marques Monoprix,721ddfd9-2778-45b8-ac10-0cc805debaa1,MPX_1111606,Monoprix Bio beurre moule doux 250g,3.59,14.36,"['Bio', 'Crèmerie bio', 'Beurre bio']",Monoprix Bio,True,False,false,2.0,WEEK,250g,['Produit bio'],https://courses.monoprix.fr/images-v3/0c44253f-c4a3-4340-9d37-d41e42b9d14a/47709539-751a-495a-abc5-8245d5085808/300x300.jpg
Mes marques Monoprix,b5d95fbf-ba93-4356-9499-713ea30fc438,MPX_962396,Monoprix Pistaches entières grillées salées 125g,2.99,23.92,"['Epicerie Salée', 'Produit apéritif', 'Cacahuète, Noix, Amande et Pistache', 'Amande et Pistache']",Monoprix,True,False,false,2.0,MONTH,125g,[],https://courses.monoprix.fr/images-v3/0c44253f-c4a3-4340-9d37-d41e42b9d14a/4ee81765-4241-4577-8737-cce577a55552/300x300.jpg
Mes marques Monoprix,365aba98-37b9-4853-8bdc-039ef2f8a5a9,MPX_2247192,Monoprix bio boeuf bio hachée 5% 350g,7.79,22.26,"['Bio', 'Boucherie et Volaille bio', 'Boucherie bio']",Monoprix Bio,True,False,false,2.0,DAY,350g,[],https://courses.monoprix.fr/images-v3/0c44253f-c4a3-4340-9d37-d41e42b9d14a/80942a30-a531-4e64-97b8-052592dccc48/300x300.jpg
Mes marques Monoprix,377d5264-f0df-4e4a-9927-b8b2632dd064,MPX_2120323,Monoprix Bio Yaourt aromatisé vanille 4x125g,1.69,3.38,"['Bio', 'Crèmerie bio', 'Yaourt bio']",Monoprix Bio,True,False,false,1.0,WEEK,4 x 125g,['Produit bio'],https://courses.monoprix.fr/images-v3/0c44253f-c4a3-4340-9d37-d41e42b9d14a/0de3053b-904a-4a9b-8d08-6e13c5c3fd85/300x300.jpg
Mes marques Monoprix,169a0c7d-c730-4297-be99-8964a1f501ad,MPX_881216,Monoprix Bio Yaourt nature au lait entier bio 4X125g,1.25,2.5,"['Bio', 'Crèmerie bio', 'Yaourt bio']",Monoprix Bio,True,False,false,1.0,WEEK,4 x 125g,['Produit bio'],https://courses.monoprix.fr/images-v3/0c44253f-c4a3-4340-9d37-d41e42b9d14a/6982d80e-39ef-436f-9be0-d0b3dc9623b4/300x300.jpg
Mes marques Monoprix,77089459-9031-4254-94f0-bf206e201088,MPX_2875977,Monoprix Lait de coco 200ml,0.95,4.75,"['Produits du monde', 'Asie 亚洲', 'Lait et Crème de coco']",Monoprix,True,False,false,1.0,MONTH,200ml,[],https://courses.monoprix.fr/images-v3/0c44253f-c4a3-4340-9d37-d41e42b9d14a/7b80aa29-6b9e-4ffc-8c21-72384135daff/300x300.jpg
Mes marques Monoprix,7b7765bd-edd5-4980-90a2-8b1beec442ed,MPX_2494787,Monoprix Gourmet Pain au seigle 500g,2.99,5.98,"['Pain et Viennoiserie', 'Toast, Canapé et Blini', ""Pain d'épice""]",Monoprix Gourmet,True,False,false,2.0,WEEK,500g,[],https://courses.monoprix.fr/images-v3/0c44253f-c4a3-4340-9d37-d41e42b9d14a/e56ad49e-2b50-4fab-a7eb-1a3a211d4977/300x300.jpg
Mes marques Monoprix,d2a37aa6-0aa8-4af5-aee4-45264d8697c7,MPX_1111770,Monoprix riz basmati parfumé 500g,1.89,3.78,"['Nos recettes', 'Recettes de Chefs', '&Danny Khezzar - Recette poulet sauce poulette au Beurre ail et persil']",Monoprix,True,False,false,6.0,MONTH,500g,[],https://courses.monoprix.fr/images-v3/0c44253f-c4a3-4340-9d37-d41e42b9d14a/5e86e8e6-be15-42c8-939a-bc821a24b89f/300x300.jpg
Mes marques Monoprix,250fcd18-29d2-4a4d-83c3-550e2d830eee,MPX_1625707,Monoprix Bio Tagliatelles aux oeufs bio 250g,1.45,5.8,"['Mes marques Monoprix', 'Monoprix Bio', 'Produits Frais', 'Traiteur']",Monoprix Bio,True,False,false,1.0,WEEK,250g,['Produit bio'],https://courses.monoprix.fr/images-v3/0c44253f-c4a3-4340-9d37-d41e42b9d14a/a16f5e24-7986-424c-80fa-96501f2d7251/300x300.jpg
Mes marques Monoprix,457289b8-7b92-4159-902d-d1fd835baa65,MPX_75619,Monoprix Steaks Hachés Pur Bœuf Bio 2X125G,4.69,18.76,"['Bio', 'Boucherie et Volaille bio', 'Boucherie bio']",Monoprix Bio,True,False,false,2.0,DAY,250g,['Produit bio'],https://courses.monoprix.fr/images-v3/0c44253f-c4a3-4340-9d37-d41e42b9d14a/bc915a35-974f-47e8-9665-045e44342778/300x300.jpg
Mes marques Monoprix,e546a230-1f54-49d4-895e-63e0e5eba980,MPX_3221709,Monoprix Bébé Maxi rectangles cotons 2x80,2.99,2.99,"['Nos sélections', 'Inspiration du moment', '& Sélection gros formats', 'Hygiène et Beauté']",Monoprix Bébé,True,False,false,,,,[],https://courses.monoprix.fr/images-v3/0c44253f-c4a3-4340-9d37-d41e42b9d14a/8530357a-0612-4ab4-bbe1-51a6331c3e69/300x300.jpg
Mes marques Monoprix,bb746585-1150-48d0-b691-a0cc0c4e1726,MPX_2560380,Monoprix Gourmet Coppa Echine de Porc Sèche 80g,2.75,34.38,"['Nos sélections', 'Inspiration du moment', 'Sélection Charcuterie et Fromage']",Monoprix Gourmet,True,False,false,3.0,WEEK,80g,[],https://courses.monoprix.fr/images-v3/0c44253f-c4a3-4340-9d37-d41e42b9d14a/1057091f-8718-47d0-8529-c1339e4c0e8f/300x300.jpg
Mes marques Monoprix,d3263597-b6e9-4b70-a416-81b17d32795d,MPX_2279729,Monoprix Gourmet Burrata 250g,5.29,21.16,"['Nos sélections', 'Inspiration du moment', '& Le Coin du marché', 'Fromage']",Monoprix Gourmet,True,False,false,4.0,DAY,250g,[],https://courses.monoprix.fr/images-v3/0c44253f-c4a3-4340-9d37-d41e42b9d14a/c6e4c39d-03a1-4648-b6ed-ad0ba716e3ed/300x300.jpg
Mes marques Monoprix,7de7578a-c71a-49b7-ae76-8a31c057d027,MPX_2414119,Monoprix Rosette 100g,1.22,12.2,"['Charcuterie et Traiteur', 'Charcuterie', 'Charcuterie sèche tranchée', 'Rosette, Saucisson et Chorizo']",Monoprix,True,False,false,4.0,WEEK,100g,[],https://courses.monoprix.fr/images-v3/0c44253f-c4a3-4340-9d37-d41e42b9d14a/1e55829f-aa6d-4bde-8099-4e9ab77f9798/300x300.jpg
Mes marques Monoprix,8c254cf1-7149-4f4f-8c7c-9073d6a529e5,MPX_890807,Monoprix Bio Pâte Feuilletée Bio 250g,2.45,9.8,"['Mes marques Monoprix', 'Monoprix Bio', 'Produits Frais', 'Traiteur']",Monoprix Bio,True,False,false,1.0,WEEK,250g,['Produit bio'],https://courses.monoprix.fr/images-v3/0c44253f-c4a3-4340-9d37-d41e42b9d14a/0ebaa7d3-b5f3-4636-9e69-85a8e3df038d/300x300.jpg
Mes marques Monoprix,f2db4bd1-283d-41f6-a60c-a2540567a596,MPX_2507954,Monoprix Gourmet Jambon Au Torchon 240G,6.45,26.88,"['Nos sélections', 'Inspiration du moment', '& Le Coin du marché', 'Charcuterie']",Monoprix Gourmet,True,False,false,1.0,WEEK,240g,[],https://courses.monoprix.fr/images-v3/0c44253f-c4a3-4340-9d37-d41e42b9d14a/3d3add52-14b8-4b3a-b16f-9bf549469844/300x300.jpg
Mes marques Monoprix,bffcf341-799b-4e56-97ba-6a1e74a7d702,MPX_3822501,Monoprix Coeurs de Filets de Saumon ASC x2 300g,8.99,29.97,"['Surgelés', 'Poissons et Crustacés surgelés', 'Poisson nature surgelé']",Monoprix,True,False,false,6.0,MONTH,300g,['Produit congelé'],https://courses.monoprix.fr/images-v3/0c44253f-c4a3-4340-9d37-d41e42b9d14a/2ddefac4-a774-4096-87be-6309f80d6a0c/300x300.jpg
Mes marques Monoprix,81176722-b3ac-4856-b6fb-e43d6d343b96,MPX_877642,Monoprix Champignons de Paris Emincés 230g,1.29,5.61,"['Mes marques Monoprix', 'Monoprix', 'Epicerie salée', 'Conserve et Plat Cuisiné']",Monoprix,True,False,false,1.0,YEAR,230g,[],https://courses.monoprix.fr/images-v3/0c44253f-c4a3-4340-9d37-d41e42b9d14a/4fee59b4-150a-4873-95c0-4d366b93f96b/300x300.jpg
Mes marques Monoprix,b14ba93f-912b-4f7d-95ae-939b0f1a6107,MPX_1178904,Monoprix Chips à L'Ancienne Nature 6x30g,2.15,11.94,"['Epicerie Salée', 'Produit apéritif', 'Chips et Biscuit Apéritif', 'Chips']",Monoprix,True,False,false,1.0,MONTH,6 x 30g,[],https://courses.monoprix.fr/images-v3/0c44253f-c4a3-4340-9d37-d41e42b9d14a/941d609c-e7db-44d8-a440-3d1e0e652a48/300x300.jpg
Mes marques Monoprix,ec6b2936-4a88-400a-8d76-732c5f22b56e,MPX_1653556,Monoprix roquette 100g,1.99,19.9,"['Fruits & Légumes', 'Prêts à consommer', 'Salades']",Monoprix,True,False,false,2.0,DAY,100g,[],https://courses.monoprix.fr/images-v3/0c44253f-c4a3-4340-9d37-d41e42b9d14a/2b2a5f61-7b16-404b-9327-70e8254136ee/300x300.jpg
Mes marques Monoprix,1f1136f7-ab47-44dc-ba87-c7baab1204bd,MPX_3232464,Monoprix cassonade pur canne 750g,2.15,2.87,"['Nos recettes', 'Recettes Sucrées', '& Barre figues abricot et pistaches']",Monoprix,True,False,false,6.0,MONTH,750g,[],https://courses.monoprix.fr/images-v3/0c44253f-c4a3-4340-9d37-d41e42b9d14a/5774bbe8-b691-4a57-9348-3e69318945da/300x300.jpg
Mes marques Monoprix,60b60b0e-f566-430a-a48e-6784bdbf88ef,MPX_2507120,Monoprix Gourdes de compotes de pomme sans sucres ajoutés* 12x90g,3.89,3.6,"['Mes marques Monoprix', 'Monoprix', 'Epicerie sucrée', 'Compote et Dessert']",MONOPRIX,True,False,false,2.0,MONTH,12 x 90g,[],https://courses.monoprix.fr/images-v3/0c44253f-c4a3-4340-9d37-d41e42b9d14a/1e014d5c-f51a-4035-b8ac-c44aec1861c3/300x300.jpg
Mes marques Monoprix,b8fe1177-17e8-4731-887e-9fbadbcd1999,MPX_1739796,Monoprix Bio Petit Beurre au chocolat noir 150g,1.99,13.27,"['Nos sélections', 'Boutique Enfants', 'Pour le goûter de vos enfants', 'Biscuit et Goûter']",Monoprix Bio,True,False,false,2.0,MONTH,150g,['Produit bio'],https://courses.monoprix.fr/images-v3/0c44253f-c4a3-4340-9d37-d41e42b9d14a/b52af601-e1be-43f5-b791-8a9a6485f489/300x300.jpg
Mes marques Monoprix,dc0eb167-ff5c-4a1d-af22-305ca93a5ffd,MPX_877094,Monoprix 10 Pains au lait aux oeufs frais 350g,1.29,3.69,"['Pain et Viennoiserie', 'Pain au lait et Brioche', 'Pain au lait']",Monoprix,True,False,false,1.0,WEEK,350g,[],https://courses.monoprix.fr/images-v3/0c44253f-c4a3-4340-9d37-d41e42b9d14a/dc7acb70-c8d1-4125-8e90-b435f214ef05/300x300.jpg
Mes marques Monoprix,4d79676e-a6d1-486d-b3de-67cf47eadd63,MPX_1250899,Monoprix Fromage à tartiner nature 150g,0.89,5.93,"['Nos sélections', 'Inspiration du moment', '& Notre sélection brunch', 'Fromage']",Monoprix,True,False,false,1.0,MONTH,150g,[],https://courses.monoprix.fr/images-v3/0c44253f-c4a3-4340-9d37-d41e42b9d14a/427585c6-6b98-49f2-934b-afdd1a2841e2/300x300.jpg
Mes marques Monoprix,33496511-561a-402c-b7cb-61a22b2274af,MPX_4419983,Monoprix Gourmet Viande Hachée race limousine 12% MG Label Rouge 300g,5.69,18.97,"['Boucherie et Volaille', 'Boucherie', 'Boucherie à la coupe']",Monoprix Gourmet,True,False,false,3.0,DAY,300g,[],https://courses.monoprix.fr/images-v3/0c44253f-c4a3-4340-9d37-d41e42b9d14a/e74eec3c-caff-434c-ae19-eeb8a3f3c3b3/300x300.jpg
Mes marques Monoprix,c00a8192-5f59-441f-9a3a-052ddae21bd9,MPX_570573,Monoprix Gourmet Crème fraîche d'Isigny épaisse 20cl,2.09,10.45,"['Nos régions de France', 'Normandie', 'Les marques de la région']",Monoprix Gourmet,True,False,false,1.0,WEEK,200ml,[],https://courses.monoprix.fr/images-v3/0c44253f-c4a3-4340-9d37-d41e42b9d14a/b6de0a28-d6e6-41a3-ac73-c12c103db228/300x300.jpg
Mes marques Monoprix,585768ea-c2d0-42e5-a341-907fc23a0cc5,MPX_2005639,Monoprix Bio Mâche sachet de 125g,2.49,19.92,"['Bio', 'Fruit et Légume bio', 'Légume frais bio']",Monoprix Bio,True,False,false,2.0,DAY,125g,['Produit bio'],https://courses.monoprix.fr/images-v3/0c44253f-c4a3-4340-9d37-d41e42b9d14a/5b21afa4-b74e-4540-972e-811b5ecca195/300x300.jpg
Mes marques Monoprix,092e8193-a286-408d-8055-99eececd7fe6,MPX_4317250,Monoprix mouchoirs étuis compacts recyclées x12,2.05,2.05,"['Hygiène & Beauté', 'Papiers toilette, Mouchoirs et Cotons', 'Mouchoirs', 'Etuis']",Monoprix,True,False,false,,,,[],https://courses.monoprix.fr/images-v3/0c44253f-c4a3-4340-9d37-d41e42b9d14a/8e90aced-f49a-49aa-87d5-f1d5c1db1d2e/300x300.jpg
Mes marques Monoprix,3aca799e-3c7f-4cd7-b576-11cc018291f6,MPX_1962366,Monoprix Riz basmati naturellement parfumé 1 kg,2.99,2.99,"['Nos recettes', 'Recettes de Saisons', '& Saumon au Fenouil et Pamplemousse']",Monoprix,True,False,false,6.0,MONTH,1kg,[],https://courses.monoprix.fr/images-v3/0c44253f-c4a3-4340-9d37-d41e42b9d14a/2fe9f323-d0b3-454c-bdd5-d13f4eda9195/300x300.jpg
Mes marques Monoprix,bcf3b4d8-fb34-4f05-b1f1-3eba05dd8655,MPX_580358,Monoprix Sainte Maure Fromage de chèvre 200g,2.19,10.95,"['Nos sélections', 'Inspiration du moment', 'Nos coups de coeur Origine France']",Monoprix,True,False,false,2.0,WEEK,200g,[],https://courses.monoprix.fr/images-v3/0c44253f-c4a3-4340-9d37-d41e42b9d14a/3e0915d0-cfb2-4468-91a0-cadcf883d749/300x300.jpg
Mes marques Monoprix,f0fe2b4f-51ae-4bb6-a530-c19ced8762d3,MPX_123287,Monoprix crème fraîche entier 30% 50cl,1.95,3.9,"['Nos sélections', 'Inspiration du moment', '& Frigo vide', 'Produits laitiers et Œufs']",Monoprix,True,False,false,1.0,WEEK,500ml,[],https://courses.monoprix.fr/images-v3/0c44253f-c4a3-4340-9d37-d41e42b9d14a/c6df3a09-4e3d-4744-8943-8080605d1910/300x300.jpg
Mes marques Monoprix,0602508e-5971-466d-b93d-139332dc58f4,MPX_3599265,Monoprix Jambon Cuit 4 Tranches Avec Couenne 160g,1.99,12.44,"['Nos sélections', 'Inspiration du moment', '& Le Coin du marché', 'Charcuterie']",Monoprix,True,False,false,1.0,WEEK,160g,[],https://courses.monoprix.fr/images-v3/0c44253f-c4a3-4340-9d37-d41e42b9d14a/5ec7d4b4-fab1-4405-9a2c-56d0ce53251f/300x300.jpg
Mes marques Monoprix,e85f4295-e5c3-4281-b243-e820f9441fa9,MPX_799423,Monoprix Muffins Complets Recette Anglaise 250G,2.49,9.96,"['Nos sélections', 'Inspiration du moment', '& Notre sélection brunch', 'Pains']",Monoprix,True,False,false,1.0,WEEK,250g,[],https://courses.monoprix.fr/images-v3/0c44253f-c4a3-4340-9d37-d41e42b9d14a/4cdd9271-f320-492a-a08d-99d4f08ea46e/300x300.jpg
Mes marques Monoprix,affdd363-2057-4699-a5ce-120bac5465ba,MPX_1860207,Monoprix Bio Haricots Vert très fins 600g,1.85,3.08,"['Surgelés', 'Légumes surgelés', 'Légumes surgelés bio']",Monoprix Bio,True,False,false,2.0,MONTH,600g,"['Produit congelé', 'Produit bio']",https://courses.monoprix.fr/images-v3/0c44253f-c4a3-4340-9d37-d41e42b9d14a/0f9e17b7-fa33-47fe-953c-009b45640e76/300x300.jpg
Mes marques Monoprix,b8f7e4b8-484c-4344-b170-19ee5052e3f3,MPX_583635,Monoprix Bio Chair de Tomates Nature 400g,2.39,5.98,"['Bio', 'Epicerie salée bio', 'Conserve bio']",Monoprix Bio,True,False,false,1.0,YEAR,400g,['Produit bio'],https://courses.monoprix.fr/images-v3/0c44253f-c4a3-4340-9d37-d41e42b9d14a/843e2a2e-745a-4acd-b365-7b1ad74a3845/300x300.jpg
Mes marques Monoprix,f34c5bc2-4ff3-4855-82b6-a8a20b4b9bf0,MPX_1118630,Monoprix Poitrine Fumée Sans Couenne 120G,1.95,16.25,"['Nos sélections', 'Inspiration du moment', '& Notre sélection brunch', 'Charcuterie']",Monoprix,True,False,false,1.0,WEEK,120g,[],https://courses.monoprix.fr/images-v3/0c44253f-c4a3-4340-9d37-d41e42b9d14a/f4c799ca-bf08-4ede-8ed1-3708582f8ac1/300x300.jpg
Mes marques Monoprix,161ec950-1339-47b3-bd75-0b3679fef2b8,MPX_3329312,Monoprix Bio Emmental Râpé 200g,3.59,17.95,"['Bio', 'Crèmerie bio', 'Fromage bio']",Monoprix Bio,True,False,false,2.0,WEEK,200g,['Produit bio'],https://courses.monoprix.fr/images-v3/0c44253f-c4a3-4340-9d37-d41e42b9d14a/daafe47f-a003-4dc2-bf43-636ccbecdd81/300x300.jpg
Mes marques Monoprix,05ed4ff1-ac08-4989-9a59-77f0886b290c,MPX_898676,Monoprix Bio Emmental râpé bio 100g,2.09,20.9,"['Bio', 'Crèmerie bio', 'Fromage bio']",Monoprix Bio,True,False,false,2.0,WEEK,100g,['Produit bio'],https://courses.monoprix.fr/images-v3/0c44253f-c4a3-4340-9d37-d41e42b9d14a/7931b058-8b97-4683-be68-395bea99d348/300x300.jpg
Mes marques Monoprix,171c869c-a964-48a0-9a15-0ff665eea29b,MPX_3209670,Monoprix Bio Houmous à l'huile d'olive vierge extra bio 180g,3.79,21.06,"['Produits du monde', 'Oriental', 'Sauce, base culinaire et condiments']",Monoprix Bio,True,False,false,1.0,WEEK,180g,['Produit bio'],https://courses.monoprix.fr/images-v3/0c44253f-c4a3-4340-9d37-d41e42b9d14a/83b6b4b8-05d7-48ec-875a-a602480975fb/300x300.jpg
Mes marques Monoprix,84674258-5bdc-4f66-93e0-a976c7d42ff2,MPX_1332766,Monoprix Truite Fumée 4 tranches 120g,5.49,45.75,"['Produits de la Mer', 'Traiteur de la Mer', 'Saumons et truites fumées']",Monoprix,True,False,false,6.0,DAY,120g,[],https://courses.monoprix.fr/images-v3/0c44253f-c4a3-4340-9d37-d41e42b9d14a/291f8c90-d7bc-471e-9c7b-451fcc3f7314/300x300.jpg
Mes marques Monoprix,5b7417f5-c381-40ef-a12f-e6343991c7f3,MPX_1818135,Monoprix Bio Sauce tomates basilic sans sucres ajoutés bio 200g,1.69,8.45,"['Nos sélections', 'Boutique Enfants', 'Repas facile pour les enfants', 'Repas']",Monoprix Bio,True,False,false,1.0,YEAR,200g,['Produit bio'],https://courses.monoprix.fr/images-v3/0c44253f-c4a3-4340-9d37-d41e42b9d14a/08d3856c-2779-4c7d-b2f7-5afaf0dfc09e/300x300.jpg
Mes marques Monoprix,249d5181-f131-4bcf-997a-31f45a22c28d,MPX_1456384,"Monoprix Jus orange sans pulpe 100% fruit pressé 1,5L",2.35,1.57,"['Boissons et Lait', 'Jus et Sirop', ""Jus d'orange""]",Monoprix,True,False,false,1.0,MONTH,1.5L,[],https://courses.monoprix.fr/images-v3/0c44253f-c4a3-4340-9d37-d41e42b9d14a/9fc6e175-08a0-45ff-806f-78bd8d3592dc/300x300.jpg
Mes marques Monoprix,1a8783ce-0fef-48cc-b206-0dee9d500901,MPX_3418276,Monoprix Gourmet Pâte Feuilletée 230g,1.95,8.48,"['Noël', 'Menu des fêtes', 'Les Plats et Accompagnements', 'Les Accompagnements']",Monoprix Gourmet,True,False,false,1.0,WEEK,230g,[],https://courses.monoprix.fr/images-v3/0c44253f-c4a3-4340-9d37-d41e42b9d14a/adc839cb-f603-449e-8336-9b9ab15c89fa/300x300.jpg
Mes marques Monoprix,e089ea50-1d21-4dc8-a64d-a41fb230da29,MPX_2454202,Monoprix Lait Demi Ecrémé 6x50cl,4.25,1.42,"['Boissons et Lait', 'Lait', 'Lait UHT demi-écrémé']",Monoprix,True,False,false,1.0,MONTH,6 x 50cl,[],https://courses.monoprix.fr/images-v3/0c44253f-c4a3-4340-9d37-d41e42b9d14a/60e7e09e-b274-4d43-8a5d-e04b8f0fa642/300x300.jpg
Mes marques Monoprix,25df40c9-55e2-4ff7-a4ac-6e5d3cf4fd3a,MPX_1772497,Monoprix 8 Pains Au Chocolat 360G,1.99,5.53,"['Pain et Viennoiserie', 'Pain au lait et Brioche', 'Pain au lait']",Monoprix,True,False,false,1.0,WEEK,360g,[],https://courses.monoprix.fr/images-v3/0c44253f-c4a3-4340-9d37-d41e42b9d14a/3b6d54b1-cf5b-4868-868e-3ea086959e1d/300x300.jpg
Mes marques Monoprix,80af7bcb-2ac7-46b3-b519-ed6ddd553af0,MPX_1639913,Monoprix Pâte À Pizza Fine 260g,1.05,4.04,"['Nos recettes', 'Recettes du Monde', '& Pizza Chorizo Mozzarella Roquette']",Monoprix,True,False,false,1.0,WEEK,260g,[],https://courses.monoprix.fr/images-v3/0c44253f-c4a3-4340-9d37-d41e42b9d14a/c88a4ef9-b8d1-4345-acfb-bf29b75b651b/300x300.jpg
Mes marques Monoprix,095d0ea7-6cb9-4761-a111-42525fab478b,MPX_2798128,Monoprix cossettes mozzarella 150g,2.79,18.6,"['Produits Laitiers, Œufs et Fromages', 'Fromages à cuisiner, raclettes et apéritifs', 'Fromages râpés']",Monoprix,True,False,false,1.0,WEEK,150g,[],https://courses.monoprix.fr/images-v3/0c44253f-c4a3-4340-9d37-d41e42b9d14a/f666ea08-289c-4965-8d72-ef4568398f8c/300x300.jpg
Mes marques Monoprix,50c1004d-981e-435d-adb7-67bde4df44b4,MPX_3367323,Monoprix Papier Aluminium 20 Mètres,2.55,2.55,"['Entretien & Nettoyage', 'Accessoire menager', 'Emballage alimentaire', 'Aluminium']",MONOPRIX,True,False,false,,,,[],https://courses.monoprix.fr/images-v3/0c44253f-c4a3-4340-9d37-d41e42b9d14a/c0d12d4c-6b7e-47d5-aa0c-6875a070548e/300x300.jpg
Mes marques Monoprix,3ed1293c-b12a-42b0-a0a5-7bf98b587c09,MPX_2700185,Monoprix Papier toilette double épaisseur ultra-compact x4,3.49,0.87,"['Entretien & Nettoyage', 'Essuie tout et Papier toilette', 'Papier toilette', 'Par 4']",Monoprix,True,False,false,,,4 par pack,[],https://courses.monoprix.fr/images-v3/0c44253f-c4a3-4340-9d37-d41e42b9d14a/9ca0c9bd-e7d7-4425-bf8b-e3b6971700e8/300x300.jpg
Mes marques Monoprix,00b45c73-17c3-4541-a8f2-6ad0f4fdb713,MPX_3959667,Monoprix Vinaigre D'Alcool Blanc 1L,1.95,1.95,"['Entretien & Nettoyage', 'Produits Nettoyants et Multi Usages', 'Produits nettoyants', 'Vinaigre']",Monoprix Vert,True,False,false,,,1L,[],https://courses.monoprix.fr/images-v3/0c44253f-c4a3-4340-9d37-d41e42b9d14a/c9f73e68-d995-42ec-903c-23c1d592e5e0/300x300.jpg
Mes marques Monoprix,cd279a39-bdf1-452c-99fd-2abbbc1b8bf7,MPX_1252519,Monoprix crème fraîche légère le pot de 50cl,1.89,3.78,"['Nos sélections', 'Inspiration du moment', 'Nos coups de coeur Origine France']",Monoprix,True,False,false,1.0,WEEK,500ml,[],https://courses.monoprix.fr/images-v3/0c44253f-c4a3-4340-9d37-d41e42b9d14a/22fe774d-7e1a-4b45-9466-1458aac89975/300x300.jpg
Mes marques Monoprix,60e4bbc4-17b8-499c-98f1-a4649728f9e1,MPX_659173,Monoprix Pain de mie nature 550g,1.09,1.98,"['Nos sélections', 'Inspiration du moment', 'Nos coups de coeur Origine France']",Monoprix,True,False,false,1.0,WEEK,550g,[],https://courses.monoprix.fr/images-v3/0c44253f-c4a3-4340-9d37-d41e42b9d14a/e2f8a41e-5637-4034-868e-9fea99e6a3d7/300x300.jpg
Mes marques Monoprix,220d64df-dabf-4b60-b4bd-879c5e52a98f,MPX_2292203,Monoprix Bio Cotons Disques Duo X70,1.27,1.27,"['Bio', 'Beauté bio', 'Coton bio']",Monoprix Bio,True,False,false,,,,['Produit bio'],https://courses.monoprix.fr/images-v3/0c44253f-c4a3-4340-9d37-d41e42b9d14a/cc206ef2-09e4-4280-a540-39cb871d8706/300x300.jpg
Mes marques Monoprix,b1430e65-fb6f-4178-89b7-72ca8d7ffe7b,MPX_4218890,Monoprix Purée de tomates sans sel ajouté 500g,0.99,1.98,"['Mes marques Monoprix', 'Monoprix', 'Epicerie salée', 'Sauce et Condiment']",Monoprix,True,False,false,6.0,MONTH,500g,[],https://courses.monoprix.fr/images-v3/0c44253f-c4a3-4340-9d37-d41e42b9d14a/bf760613-d8e6-4561-a9cb-79da7df76380/300x300.jpg
Mes marques Monoprix,9b2e17a7-bb81-488d-a8a1-71b36c389e9e,MPX_890806,Monoprix Bio Pâte Brisée Bio 250G,2.45,9.8,"['Mes marques Monoprix', 'Monoprix Bio', 'Produits Frais', 'Traiteur']",Monoprix Bio,True,False,false,1.0,WEEK,250g,['Produit bio'],https://courses.monoprix.fr/images-v3/0c44253f-c4a3-4340-9d37-d41e42b9d14a/6f8f79c6-bbf9-45f0-afe8-653843df939a/300x300.jpg
Mes marques Monoprix,672a4648-6643-4842-b6a5-7460148fd450,MPX_1682628,Monoprix jus de pomme 100% fruit pressé 1L,1.69,1.69,"['Boissons et Lait', 'Jus et Sirop', 'Jus de pomme']",Monoprix,True,False,false,1.0,MONTH,1L,[],https://courses.monoprix.fr/images-v3/0c44253f-c4a3-4340-9d37-d41e42b9d14a/9a0f5f7b-635e-4fa2-b127-f4a518c7b6af/300x300.jpg
Mes marques Monoprix,7c264621-e17c-4e54-9bf7-494f6c10ab2a,MPX_2835889,Monoprix Cheddar medium 200g,2.99,14.95,"['Nos sélections', 'Inspiration du moment', 'Sélection Charcuterie et Fromage']",Monoprix,True,False,false,4.0,WEEK,200g,[],https://courses.monoprix.fr/images-v3/0c44253f-c4a3-4340-9d37-d41e42b9d14a/cb72828b-e635-49d1-9aaa-b9b4b12082e8/300x300.jpg
Mes marques Monoprix,d3f38ba2-defb-4e2a-839b-6165f24834bf,MPX_1178910,Monoprix Chips à L'Ancienne Nature 150g,0.95,6.33,"['Epicerie Salée', 'Produit apéritif', 'Chips et Biscuit Apéritif', 'Chips']",Monoprix,True,False,false,1.0,MONTH,150g,[],https://courses.monoprix.fr/images-v3/0c44253f-c4a3-4340-9d37-d41e42b9d14a/62817dc7-032c-4b51-a10a-0eab515904df/300x300.jpg
Mes marques Monoprix,5df53dc0-8cb4-4c9b-af03-81171785b04e,MPX_1118852,Monoprix Palmiers Feuilletés Dorés 100g,0.69,6.9,"['Nos sélections', 'Boutique Enfants', 'Pour le goûter de vos enfants', 'Biscuit et Goûter']",Monoprix,True,False,false,2.0,MONTH,100g,[],https://courses.monoprix.fr/images-v3/0c44253f-c4a3-4340-9d37-d41e42b9d14a/d2be1fff-c9d7-4be6-9b21-9d8ca63fe378/300x300.jpg
Mes marques Monoprix,e66ba3b4-dce3-45a7-98b3-a32ad8de7d03,MPX_1640254,Monoprix Yaourt nature 4x125g,0.75,1.5,"['Nos sélections', 'Inspiration du moment', 'Nos coups de coeur Origine France']",Monoprix,True,False,false,1.0,WEEK,4 x 125g,[],https://courses.monoprix.fr/images-v3/0c44253f-c4a3-4340-9d37-d41e42b9d14a/12a0141e-1cd1-4506-9593-b41fc469014b/300x300.jpg
Mes marques Monoprix,d6e9fd91-e544-4e5a-9d63-da70085bc525,MPX_128415,Monoprix Huile d'olive vierge extra 1L,10.9,10.9,"['Mes marques Monoprix', 'Monoprix', 'Epicerie salée', 'Huile et Vinaigre']",Monoprix,True,False,false,2.0,MONTH,1L,[],https://courses.monoprix.fr/images-v3/0c44253f-c4a3-4340-9d37-d41e42b9d14a/33404da4-7b9c-4e7f-bec3-4ffc4f99a241/300x300.jpg
Mes marques Monoprix,9dd493cb-b0ef-4923-86b9-40f767c4fbcd,MPX_1788583,"Monoprix Vert Serviettes Double Épaisseur, Recyclables X50",1.75,0.04,"['Mes marques Monoprix', 'Monoprix Maison', 'Vaisselle jetable', 'Serviettes et Nappes']",MONOPRIX,True,False,false,,,50 par pack,[],https://courses.monoprix.fr/images-v3/0c44253f-c4a3-4340-9d37-d41e42b9d14a/73115d47-849a-412c-bb9a-589866bfff07/300x300.jpg
Mes marques Monoprix,c38f72b8-06f8-47d6-bf44-89475634308c,MPX_4122967,Monoprix Tous Cultiv'Acteurs Échalote Traditionnelle 250g,1.99,7.96,"['Fruits & Légumes', 'Légumes Frais', 'Ail, Oignons et Echalotes', 'Echalote']",Monoprix,True,False,false,1.0,WEEK,250g,[],https://courses.monoprix.fr/images-v3/0c44253f-c4a3-4340-9d37-d41e42b9d14a/d0289307-9c03-40cf-bf41-bd9c38fcf451/300x300.jpg
Mes marques Monoprix,e38ec89d-1de0-4b71-816c-4f9d6e752431,MPX_3177903,Monoprix Bio pavés de Saumon avec peau 200g,9.59,47.95,"['Nos sélections', 'Inspiration du moment', '& Frigo vide', 'Surgelés']",Monoprix Bio,True,False,false,6.0,MONTH,200g,"['Produit congelé', 'Produit bio']",https://courses.monoprix.fr/images-v3/0c44253f-c4a3-4340-9d37-d41e42b9d14a/e41b503c-c5ce-4c62-badf-394bfbd9d694/300x300.jpg
Mes marques Monoprix,dd301473-4bb0-4c3d-b8ed-989a623c4b35,MPX_1468618,Monoprix Jambon Sec 120g,3.39,28.25,"['Charcuterie et Traiteur', 'Charcuterie', 'Jambon cru']",Monoprix,True,False,false,1.0,MONTH,120g,[],https://courses.monoprix.fr/images-v3/0c44253f-c4a3-4340-9d37-d41e42b9d14a/e99f4c09-e49d-41d3-9e4c-0026df7a9bbc/300x300.jpg
Mes marques Monoprix,bc7dadef-895c-42cf-a002-b40d9f58dcb2,MPX_1182730,Monoprix Haricots Verts Extra-Fins 345G,2.99,8.67,"['Mes marques Monoprix', 'Monoprix', 'Epicerie salée', 'Conserve et Plat Cuisiné']",Monoprix,True,False,false,1.0,YEAR,345g,[],https://courses.monoprix.fr/images-v3/0c44253f-c4a3-4340-9d37-d41e42b9d14a/1a693667-b662-4e74-b4fc-0704dfcd5f0f/300x300.jpg
Mes marques Monoprix,40406637-84e2-4645-be7c-79adbbf37049,MPX_1559544,Monoprix Gourmet ossau iraty AOP 180g,4.09,22.72,"['Noël', 'Les Pépites de Monoprix pour Noël', 'Les essentiels Monoprix Gourmet']",Monoprix Gourmet,True,False,false,2.0,WEEK,180g,[],https://courses.monoprix.fr/images-v3/0c44253f-c4a3-4340-9d37-d41e42b9d14a/7e824aa9-d0eb-48b6-8fde-92ed7880482b/300x300.jpg
Mes marques Monoprix,37300ad7-b82c-45ad-976d-194dc5bca467,MPX_3648534,Monoprix Bio Farine De Blé Type 65 1Kg,1.69,1.69,"['Bio', 'Epicerie sucrée bio', 'Farine bio']",Monoprix Bio,True,False,false,2.0,MONTH,1kg,['Produit bio'],https://courses.monoprix.fr/images-v3/0c44253f-c4a3-4340-9d37-d41e42b9d14a/8ee00475-5430-49c0-9286-95ba3e1fba72/300x300.jpg
Mes marques Monoprix,45d684d0-0019-46b1-91ef-0c28dcd92580,MPX_1815738,Monoprix Fromage blanc 3% nature 8x100g,2.45,3.06,"['Nos sélections', 'Inspiration du moment', 'Nos coups de coeur Origine France']",Monoprix,True,False,false,1.0,WEEK,8 x 100g,[],https://courses.monoprix.fr/images-v3/0c44253f-c4a3-4340-9d37-d41e42b9d14a/2f5ab92c-968a-4b17-a58c-c79af194828a/300x300.jpg
Mes marques Monoprix,a4aad8bc-7389-43d6-9eeb-f067b072581d,MPX_1245238,"Monoprix Bio Fromage Blanc 3,2% 4x100g",2.05,5.13,"['Bio', 'Crèmerie bio', 'Yaourt bio']",Monoprix Bio,True,False,false,1.0,WEEK,4 x 100g,['Produit bio'],https://courses.monoprix.fr/images-v3/0c44253f-c4a3-4340-9d37-d41e42b9d14a/a12dfc7a-c301-4672-937a-f0aeb8a43f1d/300x300.jpg
Mes marques Monoprix,73119b12-27c8-4721-8376-6555e82471db,MPX_2443043,Monoprix Eau minérale des Alpes 6x50cl,1.99,0.66,"['Bébé', 'Alimentation bébé', 'Eau']",Monoprix,True,False,false,1.0,MONTH,6 x 50cl,[],https://courses.monoprix.fr/images-v3/0c44253f-c4a3-4340-9d37-d41e42b9d14a/ef3c1d26-9291-4e70-956c-bed97fea3e4c/300x300.jpg
Mes marques Monoprix,1b488105-72e3-4a19-9aed-46ebf24fa34e,MPX_164831,Monoprix Cuillers Biscuits pâtissiers aux oeufs frais 125g,1.99,15.92,"['Nos sélections', 'Inspiration du moment', 'Nos coups de coeur Origine France']",Monoprix,True,False,false,1.0,MONTH,125g,[],https://courses.monoprix.fr/images-v3/0c44253f-c4a3-4340-9d37-d41e42b9d14a/2a258ead-a33a-4a62-9f95-099ffa60f74e/300x300.jpg
Mes marques Monoprix,a484fa74-be2c-4141-83bb-bee9f0f8c315,MPX_4165507,"Monoprix Lessive Fraîcheur 1,25L",3.49,2.79,"['Entretien & Nettoyage', 'Lessive et soin du linge', 'Lessive', 'Lessive liquide']",Monoprix,True,False,false,,,1.25L,[],https://courses.monoprix.fr/images-v3/0c44253f-c4a3-4340-9d37-d41e42b9d14a/4d83a911-5b1b-4871-b1b8-79f5c1e05f1b/300x300.jpg
Mes marques Monoprix,12997670-ce56-4e17-8066-e72293412b58,MPX_1180336,Monoprix Bio Jambon Supérieur 160G X4,6.15,38.44,"['Charcuterie et Traiteur', 'Charcuterie', 'Jambon blanc']",Monoprix Bio,True,False,false,1.0,WEEK,160g,['Produit bio'],https://courses.monoprix.fr/images-v3/0c44253f-c4a3-4340-9d37-d41e42b9d14a/c820cc0e-5f6d-464d-b758-5ebc637cdc8e/300x300.jpg
Mes marques Monoprix,4e78c24e-3062-4037-b305-985c22897831,MPX_875683,Monoprix Pommes noisettes préfrites surgelées 350g,1.49,4.26,"['Nos sélections', 'Inspiration du moment', '& Barbecue', 'Surgelé']",Monoprix,True,False,false,6.0,MONTH,350g,['Produit congelé'],https://courses.monoprix.fr/images-v3/0c44253f-c4a3-4340-9d37-d41e42b9d14a/25e422f5-b099-4ade-b4e5-ee7ec0668eec/300x300.jpg
Mes marques Monoprix,d97b5337-34c1-47c5-b1f8-74905197c878,MPX_4246667,Monoprix Viande Hachée De Bœuf Façon Bouchère 15% Mg 350G,5.29,15.11,"['Boucherie et Volaille', 'Boucherie', 'Viandes hachées et farces']",Monoprix,True,False,false,2.0,DAY,350g,[],https://courses.monoprix.fr/images-v3/0c44253f-c4a3-4340-9d37-d41e42b9d14a/9bc73123-cbd1-4702-abf8-8d054f7c92dd/300x300.jpg
Mes marques Monoprix,fc651355-49a3-4a7d-bb4e-43241d5f6258,MPX_5364449,Monoprix brocolis en fleurettes surgelés 900g,2.49,2.77,"['Nos sélections', 'Inspiration du moment', '& Tout pour une bonne soupe', 'Soupe à faire soi-même']",Monoprix,True,False,false,6.0,MONTH,900g,['Produit congelé'],https://courses.monoprix.fr/images-v3/0c44253f-c4a3-4340-9d37-d41e42b9d14a/952fa20a-41ce-4684-ab55-02b80cd7446e/300x300.jpg
Mes marques Monoprix,0d55b8cf-429f-44ea-9ee0-fcdbd671ce30,MPX_123280,"Monoprix Fromage blanc 2,8% de matière grasse 1kg",2.39,2.39,"['Nos sélections', 'Inspiration du moment', '& Sélection gros formats', 'Crèmerie']",Monoprix,True,False,false,1.0,WEEK,1kg,[],https://courses.monoprix.fr/images-v3/0c44253f-c4a3-4340-9d37-d41e42b9d14a/77507f39-98d2-44df-8537-2289c19c5dce/300x300.jpg
Mes marques Monoprix,664595f4-8419-4a25-adef-9c8358d26007,MPX_1848052,Monoprix Bio Chocolat noir dégustation 74% de cacao 100g,1.99,19.9,"['Nos recettes', 'Recettes Sucrées', ""& Nids d'oiseaux chocolat et amandes""]",Monoprix Bio,True,False,false,6.0,MONTH,100g,"['Produit équitable', 'Produit bio']",https://courses.monoprix.fr/images-v3/0c44253f-c4a3-4340-9d37-d41e42b9d14a/b857727c-1808-40ff-a171-c548c0ade3ef/300x300.jpg
Mes marques Monoprix,74d3ef03-dd43-414f-9892-0e18a7a94a6e,MPX_1346845,Monoprix Chips craquantes aux crevettes 50g,0.99,19.8,"['Epicerie Salée', 'Produit apéritif', 'Chips et Biscuit Apéritif', 'Chips']",Monoprix,True,False,false,1.0,MONTH,50g,[],https://courses.monoprix.fr/images-v3/0c44253f-c4a3-4340-9d37-d41e42b9d14a/3735e9b1-7e45-4ee4-871b-cb3915cca895/300x300.jpg
Mes marques Monoprix,54624c0e-4f55-45c9-945d-f1a45d77691a,MPX_3380248,Monoprix Barquettes Moelleuses Choco-Noisettes 120g,0.99,8.25,"['Nos sélections', 'Boutique Enfants', 'Pour le goûter de vos enfants', 'Biscuit et Goûter']",Monoprix,True,False,false,1.0,MONTH,120g,[],https://courses.monoprix.fr/images-v3/0c44253f-c4a3-4340-9d37-d41e42b9d14a/de6e1460-9adb-426e-b01e-de54e81dd13c/300x300.jpg
Mes marques Monoprix,587f800b-413d-46c1-9e90-a2f0bbbaab0b,MPX_1773521,Monoprix Gourmet Gambas décortiquées 110g,5.99,54.45,"['Noël', 'Menu des fêtes', 'Les Apéritifs festifs']",Monoprix Gourmet,True,False,false,5.0,DAY,110g,[],https://courses.monoprix.fr/images-v3/0c44253f-c4a3-4340-9d37-d41e42b9d14a/b999ec29-cefe-42ae-9a69-3c657d1cd9e4/300x300.jpg
Mes marques Monoprix,566aaabd-4cc5-407c-8d71-a0fe7ad6b99d,MPX_340313,Monoprix sacs congélation fermeture à zip x20,1.99,1.99,"['Entretien & Nettoyage', 'Accessoire menager', 'Emballage alimentaire', 'Sac de congélation et Sac à glaçon']",MONOPRIX,True,False,false,,,,[],https://courses.monoprix.fr/images-v3/0c44253f-c4a3-4340-9d37-d41e42b9d14a/a87a73c4-a5dd-4fe4-ac9e-aa43ea1d9077/300x300.jpg
Mes marques Monoprix,0816d0fb-44b9-4bd0-a893-4c14a64c030e,MPX_1816323,Monoprix Dés de feta nature la boîte de 130g ,2.79,21.46,"['Produits Laitiers, Œufs et Fromages', 'Fromages à cuisiner, raclettes et apéritifs', 'Mozza, Feta et Burrata']",Monoprix,True,False,false,2.0,WEEK,130g,[],https://courses.monoprix.fr/images-v3/0c44253f-c4a3-4340-9d37-d41e42b9d14a/f1b0a21f-6e59-460c-9abb-b6f4885da269/300x300.jpg
Mes marques Monoprix,eb3ae0b5-4279-4c41-8e75-46ff85634d15,MPX_3623310,Monoprix Je Suis Vert Sacs Poubelle Biodégradables 100% Compostables 10L X20,2.75,2.75,"['Entretien & Nettoyage', 'Accessoire menager', 'Sac poubelle', '3L à 20L']",MONOP PROD. VERTS,True,False,false,,,,[],https://courses.monoprix.fr/images-v3/0c44253f-c4a3-4340-9d37-d41e42b9d14a/77c07783-34d3-4c47-bde3-2a3a751ccaff/300x300.jpg
Mes marques Monoprix,b3ad2f0d-6535-4c48-ac52-64547f3de512,MPX_2008364,Monoprix Etuis Mouchoirs Classiques Douceur & Résistance X15,2.25,2.25,"['Hygiène & Beauté', 'Papiers toilette, Mouchoirs et Cotons', 'Mouchoirs', 'Etuis']",Monoprix,True,False,false,,,,[],https://courses.monoprix.fr/images-v3/0c44253f-c4a3-4340-9d37-d41e42b9d14a/878c4d93-26d8-4a90-a085-51465676e3a0/300x300.jpg
Mes marques Monoprix,8789c656-2fe4-4bb2-b9ca-9527b1d9d5e4,MPX_1689804,Monoprix Fromage au lait de chèvre pasteurisé 200g,1.99,9.95,"['Nos sélections', 'Inspiration du moment', '& Frigo vide', 'Produits laitiers et Œufs']",Monoprix,True,False,false,1.0,WEEK,200g,[],https://courses.monoprix.fr/images-v3/0c44253f-c4a3-4340-9d37-d41e42b9d14a/5b0df030-d007-4a5b-85af-b192f76d1fbc/300x300.jpg
Mes marques Monoprix,eaf81e9e-6b63-48a4-80ff-c63ccb281b0e,MPX_1803095,Monoprix ananas en tranches 350g,3.59,10.26,"['Fruits & Légumes', 'Fruits Frais', 'Fruits découpés']",Monoprix,True,False,false,2.0,DAY,350g,[],https://courses.monoprix.fr/images-v3/0c44253f-c4a3-4340-9d37-d41e42b9d14a/4684ae4f-c045-4d06-a87e-8b2080a1dfbe/300x300.jpg
Mes marques Monoprix,ec05eaa4-aded-4b04-b539-ff31e53fc4cf,MPX_4317297,Monoprix Gourmet Parmigiano reggiano parmesan copeaux AOP 90g,3.2,35.56,"['Produits Laitiers, Œufs et Fromages', 'Fromages à cuisiner, raclettes et apéritifs', 'Fromages râpés']",Monoprix Gourmet,True,False,false,2.0,WEEK,90g,[],https://courses.monoprix.fr/images-v3/0c44253f-c4a3-4340-9d37-d41e42b9d14a/538c9490-7dc7-4f7b-9a43-df145762a966/300x300.jpg
Mes marques Monoprix,eb90a590-bac9-4d91-ac2e-c3bed37b4e88,MPX_1400562,Monoprix Cotons Disques Duo X70,1.29,1.29,"['Hygiène & Beauté', 'Papiers toilette, Mouchoirs et Cotons', 'Cotons']",Monoprix,True,False,false,,,,[],https://courses.monoprix.fr/images-v3/0c44253f-c4a3-4340-9d37-d41e42b9d14a/851b8118-b70a-45a8-9d39-3d06cbc09f2f/300x300.jpg
Mes marques Monoprix,da75de24-8aee-4fb5-89b3-1c95c10261e8,MPX_3635642,Monoprix Oeufs de poules élevées en plein air x4,1.45,0.36,"['Nos sélections', 'Inspiration du moment', 'Nos coups de coeur Origine France']",Monoprix,True,False,false,1.0,WEEK,4 par pack,[],https://courses.monoprix.fr/images-v3/0c44253f-c4a3-4340-9d37-d41e42b9d14a/678bba92-6cdb-4be6-afce-87e85ac1b4ba/300x300.jpg
Mes marques Monoprix,c8daf315-e5d4-4f56-83fd-16153b4b8e8f,MPX_123285,Monoprix Emmental français râpé 100g,0.99,9.9,"['Nos sélections', 'Inspiration du moment', '& Frigo vide', 'Produits laitiers et Œufs']",Monoprix,True,False,false,3.0,WEEK,100g,[],https://courses.monoprix.fr/images-v3/0c44253f-c4a3-4340-9d37-d41e42b9d14a/4d2d5f7d-c5e2-4ff4-908c-e6acd0ad0d6c/300x300.jpg
Mes marques Monoprix,6d8172fe-fbaf-484a-a863-09980284d64a,MPX_197838,Monoprix Bio crème fraîche entière 30% 20cl,1.79,8.95,"['Bio', 'Crèmerie bio', 'Crème bio']",Monoprix Bio,True,False,false,1.0,WEEK,200ml,['Produit bio'],https://courses.monoprix.fr/images-v3/0c44253f-c4a3-4340-9d37-d41e42b9d14a/c29ecfb5-0903-495a-ae8d-b5074a746cd1/300x300.jpg
Mes marques Monoprix,4730d959-b781-4818-b94e-43780afff316,MPX_799422,Monoprix 4 Muffins Blancs Recette Anglaise 250g,2.29,9.16,"['Nos sélections', 'Inspiration du moment', '& Notre sélection brunch', 'Pains']",Monoprix,True,False,false,1.0,WEEK,250g,[],https://courses.monoprix.fr/images-v3/0c44253f-c4a3-4340-9d37-d41e42b9d14a/8ea713d8-d43f-418c-b7dc-249969fdea65/300x300.jpg
Mes marques Monoprix,96103592-0145-4871-8530-977b35956c6d,MPX_654538,Monoprix Haricots verts extra-fins surgelés 1kg,2.29,2.29,"['Nos sélections', 'Inspiration du moment', '& Sélection gros formats', 'Surgelés']",Monoprix,True,False,false,6.0,MONTH,1kg,['Produit congelé'],https://courses.monoprix.fr/images-v3/0c44253f-c4a3-4340-9d37-d41e42b9d14a/37d29c22-5bd1-4e5d-b35c-f5b9873d4793/300x300.jpg
Mes marques Monoprix,c320b8b1-31e3-416c-990e-beb294e75535,MPX_3209161,Monoprix Sardines à l'Huile d'Olive Vierge Extra 87g,1.79,20.57,"['Nos sélections', 'Inspiration du moment', '& Tout pour faire sa salade', 'Produits de la mer']",Monoprix,True,False,false,1.0,YEAR,87g,[],https://courses.monoprix.fr/images-v3/0c44253f-c4a3-4340-9d37-d41e42b9d14a/b4e1af9c-7ef7-4c01-8256-e02557e409b5/300x300.jpg
Mes marques Monoprix,06a6c6f2-af55-4705-b1d0-514bee910c9a,MPX_2699947,Monoprix Bio Boisson à l'Avoine Sans Sucres Ajoutés 1L,2.69,2.69,"['Bio', 'Boisson et Cave bio', 'Boisson végétale bio']",Monoprix Bio,True,False,false,2.0,MONTH,1L,['Produit bio'],https://courses.monoprix.fr/images-v3/0c44253f-c4a3-4340-9d37-d41e42b9d14a/3562d637-a1ec-4e12-91ec-f7ea15ecdb98/300x300.jpg
Mes marques Monoprix,e99f8c1c-4251-4b9b-a04f-d57a85203f86,MPX_4218891,Monoprix coulis de tomate sans sucre ajouté 3x200g,1.25,2.08,"['Mes marques Monoprix', 'Ça vaut le coût !']",Monoprix,True,False,false,6.0,MONTH,3 x 200g,[],https://courses.monoprix.fr/images-v3/0c44253f-c4a3-4340-9d37-d41e42b9d14a/bf107cdb-da91-4f5a-840d-854cec14d730/300x300.jpg
Mes marques Monoprix,c2d3b0b6-52ff-4047-a1b4-07a02be0b75d,MPX_2687031,Monoprix Bio Flocons d'avoine céréales complètes 500g,2.15,4.3,"['Epicerie Sucrée', 'Céréale et Barre', 'Céréale et Barre bio']",Monoprix Bio,True,False,false,2.0,MONTH,500g,['Produit bio'],https://courses.monoprix.fr/images-v3/0c44253f-c4a3-4340-9d37-d41e42b9d14a/0825c9bf-8ff2-4089-9969-95050289f8f0/300x300.jpg
Mes marques Monoprix,d3048ac9-068d-474c-9690-0006c46350d1,MPX_1044711,Monoprix Bio carottes râpées bio 200g,2.09,10.45,"['Charcuterie et Traiteur', 'Salade et Sandwich', 'Crudités']",Monoprix Bio,True,False,false,5.0,DAY,200g,['Produit bio'],https://courses.monoprix.fr/images-v3/0c44253f-c4a3-4340-9d37-d41e42b9d14a/c23ab2fc-0259-48e0-84ab-ad2ee9b211c3/300x300.jpg
Naturalia,f58c5751-abf7-4a25-9975-8bf0b6123b20,MPX_2653158,Naturalia Oeufs Frais Bio x10,4.5,0.45,"['Naturalia', 'Crèmerie', 'Oeufs']",NATURALIA,True,False,false,1.0,WEEK,10 par pack,['Produit bio'],https://courses.monoprix.fr/images-v3/0c44253f-c4a3-4340-9d37-d41e42b9d14a/b87f3a39-1684-4b1c-8937-0015177c924d/300x300.jpg
Naturalia,0e16a853-e547-478f-820d-5955eef3057f,MPX_2338116,Naturalia Œufs Frais Bio x6,2.72,0.45,"['Naturalia', 'Crèmerie', 'Oeufs']",NATURALIA,True,False,false,1.0,WEEK,6 par pack,['Produit bio'],https://courses.monoprix.fr/images-v3/0c44253f-c4a3-4340-9d37-d41e42b9d14a/ef0e4ade-a285-4d52-911a-d6688d89692f/300x300.jpg
Naturalia,3c2fd795-beeb-443a-b0cb-70db347e9c2c,MPX_2121619,[Par Naturalia] Markal Flocons Avoine Pt Bio 500g,1.59,3.18,"['Naturalia', 'Petit-déjeuner et Pains', 'Céréales, Mueslis et Granolas']",MARKAL,True,False,false,2.0,MONTH,500g,['Produit bio'],https://courses.monoprix.fr/images-v3/0c44253f-c4a3-4340-9d37-d41e42b9d14a/019b0643-1f8b-4a40-a245-6b019f308bc8/300x300.jpg
Naturalia,01f23031-2cd1-4367-bf67-c92e8209423f,MPX_2138369,[Par Naturalia] Taifun Tofu fumé Amandes Sésame Bio 200g,3.19,15.95,"['Naturalia', 'Traiteur', 'Préparations végétales']",TAIFUN,True,False,false,1.0,WEEK,200g,"['Produit vegan', 'Produit bio']",https://courses.monoprix.fr/images-v3/0c44253f-c4a3-4340-9d37-d41e42b9d14a/6d35360c-116d-461c-a7a7-f28559cb5e29/300x300.jpg
Naturalia,c3f360b0-1125-4783-ab7c-867df85e8bc5,MPX_3443243,Naturalia Lardons Fumés Sans Sel Nitrité Ajouté Bio 150G,4.19,27.93,"['Naturalia', 'Charcuterie, Volailles et Viandes', 'Charcuterie']",NATURALIA,True,False,false,1.0,WEEK,150g,['Produit bio'],https://courses.monoprix.fr/images-v3/0c44253f-c4a3-4340-9d37-d41e42b9d14a/b771416a-29cb-4d6b-ac53-2ba89f41266b/300x300.jpg
Naturalia,01801b90-d4bc-4684-8962-9005339e2b74,MPX_2625317,[Par Naturalia] La Bio Idea Tomates Concassées 400G Bio,1.58,6.58,"['Naturalia', 'Epicerie salée', 'Conserves']",LA BIO IDEA,True,False,false,1.0,YEAR,240g,['Produit bio'],https://courses.monoprix.fr/images-v3/0c44253f-c4a3-4340-9d37-d41e42b9d14a/046a7041-2b08-40d4-b805-dc079ddfe405/300x300.jpg
Naturalia,0bad6b27-edea-42c7-9161-400c71bd403f,MPX_1864463,"Babybio Petits pots maïs riz, petits pois, dès 6 mois, bio 2x200g",3.39,8.48,"['Naturalia', 'Bébé', 'Alimentation Bébé']",Babybio,True,False,false,6.0,MONTH,2 x 200g,['Produit bio'],https://courses.monoprix.fr/images-v3/0c44253f-c4a3-4340-9d37-d41e42b9d14a/d2260542-537d-4380-b9db-a2403937ca25/300x300.jpg
Naturalia,37b3c052-bf2f-4179-8680-48a4e8f0be09,MPX_2138376,[Par Naturalia]  Taifun Filets de Tofu à la Japonnaise Bio 2 x 80g,2.45,15.31,"['Naturalia', 'Traiteur', 'Préparations végétales']",TAIFUN,True,False,false,1.0,WEEK,160g,"['Produit vegan', 'Produit bio']",https://courses.monoprix.fr/images-v3/0c44253f-c4a3-4340-9d37-d41e42b9d14a/14fdb98f-9246-4e4c-ba46-92386ee154d6/300x300.jpg
Naturalia,d4ae77b4-d6b9-4bb6-833a-a58c18ace07a,MPX_2218009,Naturalia 6 Galettes de Blé Noir Bio 300G,3.56,11.87,"['Naturalia', 'Traiteur', 'Pâtes fraîches']",NATURALIA,True,False,false,6.0,DAY,300g,['Produit bio'],https://courses.monoprix.fr/images-v3/0c44253f-c4a3-4340-9d37-d41e42b9d14a/57c0b441-7f62-4192-9e3b-e7b2d0381afb/300x300.jpg
Naturalia,92f19aae-614f-4d96-865e-9e166f852f1c,MPX_2121155,[Par Naturalia] Le Pain Des Fleurs Tartines Craquantes Au Sarrasin Sans Gluten 300G Bio,3.99,13.3,"['Naturalia', 'Petit-déjeuner et Pains', 'Pains, Biscottes et Galettes']",LE PAIN DES FLEURS,True,False,false,6.0,MONTH,300g,"['Produit vegan', 'Produit bio']",https://courses.monoprix.fr/images-v3/0c44253f-c4a3-4340-9d37-d41e42b9d14a/c8806537-7b62-4c9e-9d3c-79d66d112d53/300x300.jpg
Naturalia,f9e9dfd1-65ba-4d43-8bf6-fd51bbabc188,MPX_2625316,[Par Naturalia] Luce Haricots Rouges Kidney Bio 400g,1.94,4.85,"['Naturalia', 'Epicerie salée', 'Conserves']",LUCE,True,False,false,1.0,YEAR,400g,['Produit bio'],https://courses.monoprix.fr/images-v3/0c44253f-c4a3-4340-9d37-d41e42b9d14a/87693bc4-d60c-461f-851e-7766b7a6c631/300x300.jpg
Naturalia,add7f621-7457-42f0-80dc-5b50dcce9c6c,MPX_2157608,Naturalia Tofu Nature Bio 500g,3.83,7.66,"['Naturalia', 'Traiteur', 'Préparations végétales']",NATURALIA,True,False,false,1.0,WEEK,500g,['Produit bio'],https://courses.monoprix.fr/images-v3/0c44253f-c4a3-4340-9d37-d41e42b9d14a/131f5cad-aac7-4df5-8a6f-28c467eaf6a4/300x300.jpg
Naturalia,4b87641a-4996-4324-ba83-83bb84952490,MPX_3057207,[Par Naturalia] Grandeur Nature Lait Entier 1L Bio,2.1,2.1,"['Naturalia', 'Crèmerie', 'Laits']",GRANDEUR NATURE,True,False,false,2.0,MONTH,1L,['Produit bio'],https://courses.monoprix.fr/images-v3/0c44253f-c4a3-4340-9d37-d41e42b9d14a/3b604624-998b-453d-b065-c815d0fa2d2a/300x300.jpg
Naturalia,e72181ff-21d3-4cb7-ad02-ea1e6dd08c7f,MPX_1864460,"Babybio Petits pots carottes potimarron & riz, dès 6mois, bio 2x200g",3.39,8.48,"['Naturalia', 'Bébé', 'Alimentation Bébé']",Babybio,True,False,false,6.0,MONTH,2 x 200g,['Produit bio'],https://courses.monoprix.fr/images-v3/0c44253f-c4a3-4340-9d37-d41e42b9d14a/ae27f42e-1dab-4efb-b618-66cc835339e5/300x300.jpg
Naturalia,76c7121d-396b-43d7-b274-d9f8cd7a0898,MPX_2138024,"[Par Naturalia] Montcalm Pack Eau Minérale Naturelle 6X1,5L",4.74,0.53,"['Naturalia', 'Boissons', 'Eaux']",MONTCALM,True,False,false,1.0,MONTH,6 x 1.5L,[],https://courses.monoprix.fr/images-v3/0c44253f-c4a3-4340-9d37-d41e42b9d14a/c1edaa84-a685-4963-a492-0e2a050b5196/300x300.jpg
Naturalia,2b29f222-0364-4dff-9e18-285f6551557e,MPX_6691360,Naturalia Boisson avoine Sans sucre Ajouté 1l,2.0,2.0,"['Naturalia', 'Boissons', 'Boissons végétales']",NATURALIA,True,False,false,2.0,MONTH,1L,[],https://courses.monoprix.fr/images-v3/0c44253f-c4a3-4340-9d37-d41e42b9d14a/07e608a4-7d6b-4d45-af17-fd166569f209/300x300.jpg
Naturalia,65e65ce8-6689-400b-877d-f8397b8a6731,MPX_2122803,[Par Naturalia] The Bridge Boisson À L'Avoine 1L Bio,2.15,2.15,"['Naturalia', 'Crèmerie', 'Boissons végétales']",The bridge,True,False,false,1.0,MONTH,1L,['Produit bio'],https://courses.monoprix.fr/images-v3/0c44253f-c4a3-4340-9d37-d41e42b9d14a/b592cabd-38d3-4101-9d91-673334253596/300x300.jpg
Naturalia,1d6aa382-d9e7-47a5-83c4-48eb8718e343,MPX_3405386,[Par Naturalia] Grain De Nature Oeufs Gros X6 Bio,3.45,0.58,"['Naturalia', 'Crèmerie', 'Oeufs']",Grain de Nature,True,False,false,1.0,WEEK,6 par pack,['Produit bio'],https://courses.monoprix.fr/images-v3/0c44253f-c4a3-4340-9d37-d41e42b9d14a/04ee154a-39e3-4012-8de3-5925cacf1550/300x300.jpg
Naturalia,4e427562-d95b-49fa-b6ce-5f7f47486ca5,MPX_3647761,[Par Naturalia] Jus de pomme Bio 1L,2.3,2.3,"['Naturalia', 'Boissons', 'Jus de fruits et de légumes']",NATURALIA,True,False,false,2.0,MONTH,1L,['Produit bio'],https://courses.monoprix.fr/images-v3/0c44253f-c4a3-4340-9d37-d41e42b9d14a/0ea6c835-5b19-460e-9a63-2df962daff5a/300x300.jpg
Naturalia,b85fe9d0-4f5a-43d9-99e3-56e821329360,MPX_3549555,[Par Naturalia] Noix de Cajou Bio 250g,6.29,25.16,"['Naturalia', 'Epicerie sucrée', 'Fruits secs']",NATURALIA,True,False,false,2.0,MONTH,250g,['Produit bio'],https://courses.monoprix.fr/images-v3/0c44253f-c4a3-4340-9d37-d41e42b9d14a/65e7f9af-53bf-4d5f-b366-c89f1bf0bcb1/300x300.jpg
Naturalia,32bf8162-c186-4c2e-b63b-fe44e6cd9513,MPX_2138023,[Par Naturalia] Montcalm Eau Minérale Naturelle 5L,2.68,0.54,"['Naturalia', 'Boissons', 'Eaux']",MONTCALM,True,False,false,1.0,MONTH,5L,[],https://courses.monoprix.fr/images-v3/0c44253f-c4a3-4340-9d37-d41e42b9d14a/a596901e-77b6-44ae-9dc4-283e869a291b/300x300.jpg
Naturalia,cf464dfb-ffbe-4203-8795-6e4ec3e33d7b,MPX_2320493,[Par Naturalia] Taifun Filets de Tofu à l'Ail des Ours Bio 2x80g,2.79,17.44,"['Naturalia', 'Traiteur', 'Préparations végétales']",Taifun,True,False,false,6.0,DAY,160g,"['Produit vegan', 'Produit bio']",https://courses.monoprix.fr/images-v3/0c44253f-c4a3-4340-9d37-d41e42b9d14a/97f94f4f-65a3-40f2-a247-659da4d5c913/300x300.jpg
Naturalia,8ee13b1a-f28f-472c-b7e0-cb5bd5e0004e,MPX_3789588,Good Goût Gourde Pomme Framboise Bio 120g,2.25,18.75,"['Naturalia', 'Bébé', 'Alimentation Bébé']",Good Goût,True,False,false,2.0,MONTH,120g,['Produit bio'],https://courses.monoprix.fr/images-v3/0c44253f-c4a3-4340-9d37-d41e42b9d14a/7b83778b-8686-49fd-9d5c-13b166f81490/300x300.jpg
Naturalia,22c58c8b-638f-441b-a2be-cf0f3506e1e1,MPX_2121586,[Par Naturalia] Markal Bio Lentilles Corail 500g,3.14,6.28,"['Naturalia', 'Epicerie salée', 'Riz, Céréales et Légumineuses']",MARKAL,True,False,false,2.0,MONTH,500g,['Produit bio'],https://courses.monoprix.fr/images-v3/0c44253f-c4a3-4340-9d37-d41e42b9d14a/e01a2c2e-0979-4b59-bb2a-0636dfd6b737/300x300.jpg
Naturalia,b253d476-5d78-4c38-98f2-54f5ff3129b2,MPX_2625315,[Par Naturalia] La Bio Idea Pois Chiches 240G Bio,1.94,8.08,"['Naturalia', 'Epicerie salée', 'Conserves']",LUCE,True,False,false,1.0,YEAR,240g,['Produit bio'],https://courses.monoprix.fr/images-v3/0c44253f-c4a3-4340-9d37-d41e42b9d14a/1e166db5-681e-4e57-a1f9-2fffff5ad477/300x300.jpg
Naturalia,002e16d4-41f5-4e7a-b28e-c326d2e4d8b8,MPX_3836135,Naturalia Gnocchi à Poêler Bio 300g,2.4,8.0,"['Naturalia', 'Traiteur', 'Pâtes fraîches']",NATURALIA,True,False,false,1.0,WEEK,300g,['Produit bio'],https://courses.monoprix.fr/images-v3/0c44253f-c4a3-4340-9d37-d41e42b9d14a/5f299849-de35-4442-bb3d-4fab14aae940/300x300.jpg
Naturalia,da2c35e7-1886-4e3f-b66f-c41362a300c5,MPX_2456341,Babybio Compote Pomme Abricot Banane Dès 6 Mois 4x90g,4.25,11.81,"['Naturalia', 'Bébé', 'Alimentation Bébé']",Babybio,True,False,false,2.0,MONTH,4 x 90g,['Produit bio'],https://courses.monoprix.fr/images-v3/0c44253f-c4a3-4340-9d37-d41e42b9d14a/bf01a074-ec9f-418f-bc88-5dc91778f06c/300x300.jpg
Naturalia,eeb4a3ed-6bf6-4fa6-8c35-e92ba4351517,MPX_3058612,[Par Naturalia] Karma Kombucha Gingembre  Bio 1l,5.72,5.72,"['Naturalia', 'Boissons', 'Jus de fruits frais et Kombuchas']",Karma,True,False,false,2.0,MONTH,1L,"['Produit équitable', 'Produit bio']",https://courses.monoprix.fr/images-v3/0c44253f-c4a3-4340-9d37-d41e42b9d14a/c466f152-83f0-4490-b34c-696a099e9e28/300x300.jpg
Naturalia,586f1616-c78d-4e32-8ccc-d65262734470,MPX_3057205,[Par Naturalia] Grandeur Nature Lait Écrémé 1L Bio,1.73,1.73,"['Naturalia', 'Crèmerie', 'Laits']",GRANDEUR NATURE,True,False,false,2.0,MONTH,1L,['Produit bio'],https://courses.monoprix.fr/images-v3/0c44253f-c4a3-4340-9d37-d41e42b9d14a/1dfd06cb-3b37-40e5-aa40-44a3f06630df/300x300.jpg
Naturalia,be443b9f-d4b4-40da-90ed-a4e1a20bd79d,MPX_2122895,[Par Naturalia]  Good Goût Risotto de Courgettes au Chèvre Bio Dès 8 Mois 190g,3.99,21.0,"['Naturalia', 'Bébé', 'Alimentation Bébé']",Good Goût,True,False,false,2.0,MONTH,190g,['Produit bio'],https://courses.monoprix.fr/images-v3/0c44253f-c4a3-4340-9d37-d41e42b9d14a/802003f7-e37f-44be-a140-267e73e1a8f1/300x300.jpg
Naturalia,de2396f7-c82e-465d-974d-4cbf1e58d9e9,MPX_2122343,"[Par Naturalia] Vilactee Lait Demi-Écrémé 1,5% 1L Bio",1.69,1.69,"['Naturalia', 'Boissons', 'Laits']",Vilactee,True,False,false,1.0,MONTH,1L,['Produit bio'],https://courses.monoprix.fr/images-v3/0c44253f-c4a3-4340-9d37-d41e42b9d14a/8a8f3a96-ed84-4c8e-bd24-7d5bd0897b7c/300x300.jpg
Naturalia,100b120a-c5a9-4aa0-9d7e-2f6317483b81,MPX_2335508,"[Par Naturalia] Berchtesgadener Land Kéfir Doux 1,5% Mg 400Ml Bio Demeter",1.31,3.28,"['Naturalia', 'Crèmerie', 'Laits']",BERCHTESGADENER LAND,True,False,false,4.0,DAY,400g,['Produit bio'],https://courses.monoprix.fr/images-v3/0c44253f-c4a3-4340-9d37-d41e42b9d14a/b6d54058-6156-4057-a37f-6850b56a48b9/300x300.jpg
Naturalia,fbc195e8-88a9-45b9-99ee-ba009811c255,MPX_2189444,[Par Naturalia] The Bridge Boisson Au Riz Nature 1L Bio,2.09,2.09,"['Naturalia', 'Crèmerie', 'Boissons végétales']",The bridge,True,False,false,1.0,MONTH,1L,['Produit bio'],https://courses.monoprix.fr/images-v3/0c44253f-c4a3-4340-9d37-d41e42b9d14a/66e3c70c-e2d9-4c63-adf3-cb529bfb6128/300x300.jpg
Naturalia,b2796177-1920-48a5-9c4c-916d220f799d,MPX_2739790,[Par Naturalia]  Babybio crème semoule vanille bio 6M le pack de 4x85g,4.35,12.79,"['Bio', 'Bébé bio', 'Dessert aux Fruits et Lacté bio']",Babybio,True,False,false,2.0,MONTH,4 x 85g,['Produit bio'],https://courses.monoprix.fr/images-v3/0c44253f-c4a3-4340-9d37-d41e42b9d14a/296f0636-74cf-408f-96e3-dac06c7a4b5e/300x300.jpg
Naturalia,5b2f7f00-cbd8-456a-b145-9aad9f9d3208,MPX_2122348,[Par Naturalia] Biodunoise Oeufs Frais Cal 43/53 X6 Bio,2.72,2.72,"['Naturalia', 'Crèmerie', 'Oeufs']",BIODUNOISE,True,False,false,1.0,WEEK,,['Produit bio'],https://courses.monoprix.fr/images-v3/0c44253f-c4a3-4340-9d37-d41e42b9d14a/a66fb65a-5988-4524-9ad0-347911db67a2/300x300.jpg
Naturalia,812cd942-dc73-4d1b-95be-513cb5d72043,MPX_2138404,[Par Naturalia] Markal Graines de Chia Bio 250g,3.03,12.12,"['Naturalia', 'Epicerie salée', 'Condiments, Graines et Epices']",MARKAL,True,False,false,2.0,MONTH,250g,['Produit bio'],https://courses.monoprix.fr/images-v3/0c44253f-c4a3-4340-9d37-d41e42b9d14a/09b2897e-50e1-46ec-bb41-de98cfb4ec44/300x300.jpg
Naturalia,28884341-8763-4403-ac59-bf03948ae303,MPX_2639296,[Par Naturalia] Bonneterre Boisson Avoine Nature Bio,2.3,2.3,"['Naturalia', 'Crèmerie', 'Boissons végétales']",BONNETERRE,True,False,false,1.0,MONTH,1L,['Produit bio'],https://courses.monoprix.fr/images-v3/0c44253f-c4a3-4340-9d37-d41e42b9d14a/2385d9a5-60c3-4645-8c35-da4d39f773c2/300x300.jpg
Naturalia,535d7f5d-44cc-4976-8d9c-0dc87c18fc53,MPX_2625611,Babybio Compotes Pomme Mangue Dès 4 Mois 2x130g,2.79,10.73,"['Naturalia', 'Bébé', 'Alimentation Bébé']",Babybio,True,False,false,6.0,MONTH,2 x 130g,['Produit bio'],https://courses.monoprix.fr/images-v3/0c44253f-c4a3-4340-9d37-d41e42b9d14a/2581a9b9-14e4-47a9-8ad7-a7c6b29ca193/300x300.jpg
Naturalia,14356bee-1551-417a-8a04-bf94fc4f4f97,MPX_3306874,Good Goût Gourde Petit Déj Myrtille dès 6 mois Bio 70g,1.67,23.86,"['Naturalia', 'Bébé', 'Alimentation Bébé']",Good Goût,True,False,false,2.0,MONTH,70g,['Produit bio'],https://courses.monoprix.fr/images-v3/0c44253f-c4a3-4340-9d37-d41e42b9d14a/17fdb586-f8b1-4a72-830f-52ee265c2ae7/300x300.jpg
Naturalia,b44422fd-9f3c-4f56-bb68-80350d6c9f29,MPX_3939066,Babybio Gourde de Compote Pomme Framboise 4 x 90g,3.59,9.97,"['Naturalia', 'Bébé', 'Alimentation Bébé']",Babybio,True,False,false,2.0,MONTH,4 x 90g,['Produit bio'],https://courses.monoprix.fr/images-v3/0c44253f-c4a3-4340-9d37-d41e42b9d14a/32f70637-8442-403e-a793-c2737e7d3389/300x300.jpg
Naturalia,9a7836a5-12aa-470d-9894-f3c7a77a0c16,MPX_2336226,[Par Naturalia] Gaborit Riz Au Lait 2X140G Bio,2.52,9.0,"['Naturalia', 'Crèmerie', 'Yaourts et Desserts']",GABORIT,True,False,false,1.0,WEEK,280g,['Produit bio'],https://courses.monoprix.fr/images-v3/0c44253f-c4a3-4340-9d37-d41e42b9d14a/8326cb55-aa0b-40e5-b96a-769e35d89a6e/300x300.jpg
Naturalia,e8159b56-b535-4730-ba99-bfc5aad2e67f,MPX_2547905,[Par Naturalia] Idée Végétale Haché Végétal à la Bolognaise Bio 240g,4.5,18.75,"['Naturalia', 'Traiteur', 'Préparations végétales']",IDEE VEGETALE,True,False,false,1.0,WEEK,240g,"['Produit vegan', 'Produit bio']",https://courses.monoprix.fr/images-v3/0c44253f-c4a3-4340-9d37-d41e42b9d14a/b511f2aa-d6fe-49d0-8873-790535e63257/300x300.jpg
Naturalia,35fd0f47-9b33-4d45-af96-23a1bb263f60,MPX_2121086,[Par Naturalia] Delouis Fils Mayonnaise À L'Huile De Tournesol 245G Bio,4.82,19.67,"['Naturalia', 'Epicerie salée', 'Condiments, Graines et Epices']",DELOUIS,True,False,false,2.0,MONTH,245g,['Produit bio'],https://courses.monoprix.fr/images-v3/0c44253f-c4a3-4340-9d37-d41e42b9d14a/e7687e46-be50-4048-8eb1-2c42d3ce04bd/300x300.jpg
Naturalia,fd6f0b3b-c19d-423c-9190-b1d37c65ab52,MPX_3524263,"[Par Naturalia] Good Goût Gourde Brassé Végétal Avoine, Fraise et Banane 6M 90g Bio",1.89,21.0,"['Naturalia', 'Bébé', 'Alimentation Bébé']",Good Goût,True,False,false,2.0,MONTH,90g,['Produit bio'],https://courses.monoprix.fr/images-v3/0c44253f-c4a3-4340-9d37-d41e42b9d14a/86f0a388-2b06-4e27-a288-fafd8804bb3c/300x300.jpg
Naturalia,27c91264-2f84-4f3e-8749-2984b1d0a7ac,MPX_2157783,[Par Naturalia] Gaborit Riz Au Lait De Brebis 2X125G Bio,3.62,14.48,"['Naturalia', 'Crèmerie', 'Yaourts et Desserts']",GABORIT,True,False,false,1.0,WEEK,250g,['Produit bio'],https://courses.monoprix.fr/images-v3/0c44253f-c4a3-4340-9d37-d41e42b9d14a/057a6773-fd04-4306-a6ab-28f42ca42eb9/300x300.jpg
Naturalia,74cd2d3e-828b-4a3c-8c54-08ac8f10003f,MPX_2876973,[Par Naturalia] Pukka Tisane 3 Camomilles Bio x20 Sachets,5.76,192.0,"['Naturalia', 'Petit-déjeuner et Pains', 'Thés et Infusions']",Pukka,True,False,false,1.0,YEAR,30g,"['Produit équitable', 'Produit bio']",https://courses.monoprix.fr/images-v3/0c44253f-c4a3-4340-9d37-d41e42b9d14a/0e28e0ce-8ab3-413a-8adb-6debac5a4e9a/300x300.jpg
Naturalia,46f1cbbe-5547-4fa3-afc1-cab247f18a5a,MPX_3406049,[Par Naturalia] Pural Gaufres À L'Épeautre Et Aux  Ufs Frais 165G Bio,3.14,19.03,"['Naturalia', 'Epicerie sucrée', 'Biscuits et Gâteaux']",PURAL,True,False,false,2.0,WEEK,165g,['Produit bio'],https://courses.monoprix.fr/images-v3/0c44253f-c4a3-4340-9d37-d41e42b9d14a/6c6e6d8c-60e0-4ed3-93f3-14f48e027aec/300x300.jpg
Naturalia,b2263d3c-66d4-4a78-9cdc-0995b32f1b6d,MPX_3860518,"Babynat Babybio Haricots Verts de Vendée & Pomme de Terre, Colin Sauvage 6M et + 2X200g",3.29,8.23,"['Naturalia', 'Bébé', 'Alimentation Bébé']",Babynat,True,False,false,6.0,MONTH,2 x 200g,['Produit bio'],https://courses.monoprix.fr/images-v3/0c44253f-c4a3-4340-9d37-d41e42b9d14a/803ed5e5-4a74-4be7-885c-c1cc48b4ce15/300x300.jpg
Naturalia,2849211d-a97e-42d0-965c-574c472842d3,MPX_3729978,[Par Naturalia] Go Nuts Beurre de Cacahuète 500g,8.39,16.78,"['Naturalia', 'Petit-déjeuner et Pains', 'Confitures, Miels et Pâtes à tartiner']",GO NUTS,True,False,false,6.0,MONTH,500g,['Produit bio'],https://courses.monoprix.fr/images-v3/0c44253f-c4a3-4340-9d37-d41e42b9d14a/c96bc603-afba-4280-8888-88f9a99e66f2/300x300.jpg
Naturalia,e99e504c-408e-4cbb-b4a6-0fa14ab3080c,MPX_3440558,[Par Naturalia] Gaborit Kéfir De Chèvre Bio 2 x 125g,2.82,11.28,"['Naturalia', 'Boissons', 'Laits']",GABORIT,True,False,false,1.0,WEEK,250g,['Produit bio'],https://courses.monoprix.fr/images-v3/0c44253f-c4a3-4340-9d37-d41e42b9d14a/c927ba33-606c-4f5e-ada1-f128063f61be/300x300.jpg
Naturalia,5c89f7f4-26e3-4f21-8868-84d693493039,MPX_2412505,[Par Naturalia] Le Pain Des Fleurs Tartines Craquantes Multi-Céréales Sans Gluten Bio 150g,3.73,24.87,"['Naturalia', 'Petit-déjeuner et Pains', 'Pains, Biscottes et Galettes']",Le pain des fleurs,True,False,false,6.0,MONTH,150g,"['Produit vegan', 'Produit bio']",https://courses.monoprix.fr/images-v3/0c44253f-c4a3-4340-9d37-d41e42b9d14a/aa57ad64-7b59-4dd4-887a-0909b63ddd0d/300x300.jpg
Naturalia,c2470182-9708-45ce-b69f-7b937e20b3e7,MPX_2366543,Babybio Patate douce Légumes du Soleil & Riz de Camargue 2x200g,4.15,10.38,"['Naturalia', 'Bébé', 'Alimentation Bébé']",Babybio,True,False,false,2.0,MONTH,2 x 200g,['Produit bio'],https://courses.monoprix.fr/images-v3/0c44253f-c4a3-4340-9d37-d41e42b9d14a/0363fe10-375b-4c18-9a4b-ce525951503f/300x300.jpg
Naturalia,df9bee25-dc67-4d71-b25b-b7453f999d6f,MPX_3512259,[Par Naturalia] Naturalia Figues Séchées Bio 500g,8.39,16.78,"['Naturalia', 'Epicerie sucrée', 'Fruits secs']",NATURALIA,True,False,false,2.0,MONTH,500g,['Produit bio'],https://courses.monoprix.fr/images-v3/0c44253f-c4a3-4340-9d37-d41e42b9d14a/345047d7-da41-4eec-8785-c1acafd25ea9/300x300.jpg
Naturalia,8d5b1427-fd1f-4f09-83b7-75df9cc34957,MPX_2138372,[Par Naturalia] Taifun Saucisses Tofu Viennoises Bio 300g,5.13,17.1,"['Naturalia', 'Traiteur', 'Préparations végétales']",TAIFUN,True,False,false,1.0,WEEK,300g,"['Produit vegan', 'Produit bio']",https://courses.monoprix.fr/images-v3/0c44253f-c4a3-4340-9d37-d41e42b9d14a/5d510616-f154-47d0-88db-8c76be73b0a4/300x300.jpg
Naturalia,62c201f6-39f3-4e6b-9bc6-4b7efda46a5b,MPX_2138366,[Par Naturalia] Wheathy Seitan Végé Tranches Fumées Bio Vegan 100g,3.14,31.4,"['Naturalia', 'Traiteur', 'Préparations végétales']",WHEATY,True,False,false,3.0,WEEK,100g,"['Produit vegan', 'Produit bio']",https://courses.monoprix.fr/images-v3/0c44253f-c4a3-4340-9d37-d41e42b9d14a/85afe2a4-8d03-4c25-9e2b-3313292b4ae4/300x300.jpg
Naturalia,46ee83f1-c71a-4e01-ad6c-a176e6d0b376,MPX_2470306,[Par Naturalia] Lazzaretti Torsades Aux Lentilles Corail 250G Bio,3.52,14.08,"['Naturalia', 'Epicerie salée', 'Pâtes et Sauces']",LAZZARETTI,True,False,false,1.0,YEAR,250g,"['Produit vegan', 'Produit bio']",https://courses.monoprix.fr/images-v3/0c44253f-c4a3-4340-9d37-d41e42b9d14a/d7391d49-8bb4-4c42-90ad-aa19e96e2652/300x300.jpg
Naturalia,a566dd22-7f0a-44b9-a2bd-b88a44e32a7f,MPX_3341713,[Par Naturalia] Bisson Gaufrettes Chocolat 190G Bio,3.59,18.89,"['Naturalia', 'Epicerie sucrée', 'Biscuits et Gâteaux']",BISSON,True,False,false,2.0,MONTH,190g,['Produit bio'],https://courses.monoprix.fr/images-v3/0c44253f-c4a3-4340-9d37-d41e42b9d14a/05679b60-3645-429a-8a17-43fad22fe9ea/300x300.jpg
Naturalia,a1a96f9f-41ce-4282-afa4-d2551e07b22d,MPX_2137528,[Par Naturalia] Sojade So Soja ! Nature Bio 4x100g,1.99,4.98,"['Naturalia', 'Crèmerie', 'Yaourts et Desserts']",SOJADE,True,False,false,1.0,WEEK,4 x 100g,"['Produit vegan', 'Produit bio']",https://courses.monoprix.fr/images-v3/0c44253f-c4a3-4340-9d37-d41e42b9d14a/bca10098-35e1-47c0-9b6d-f91b5fcda755/300x300.jpg
Naturalia,6ebb5cb7-ed50-4dec-914b-b6b35cc28717,MPX_3306106,"[Par Naturalia] Babybio Assiette Patate Douce, Châtaigne et Pintade 12M 230g Bio",3.26,14.17,"['Naturalia', 'Bébé', 'Alimentation Bébé']",Babybio,True,False,false,2.0,MONTH,230g,['Produit bio'],https://courses.monoprix.fr/images-v3/0c44253f-c4a3-4340-9d37-d41e42b9d14a/d167d557-6b4f-424c-8dd8-297976983db5/300x300.jpg
Naturalia,432cf7b3-8481-48f7-bf08-c9591eee7515,MPX_2121150,[Par Naturalia] Primeal Riz Long Complet De Camargue 1Kg Bio,5.72,5.72,"['Naturalia', 'Epicerie salée', 'Riz, Céréales et Légumineuses']",PRIMEAL,True,False,false,6.0,MONTH,1kg,['Produit bio'],https://courses.monoprix.fr/images-v3/0c44253f-c4a3-4340-9d37-d41e42b9d14a/c11ef3ab-d2a6-4360-8e93-32ae4eca4cdc/300x300.jpg
Naturalia,41b5cd0e-bb83-4277-93e2-01de4d326d86,MPX_6678688,Naturalia Flocons d'Avoine Complète 500g,1.98,3.96,"['Naturalia', 'Petit-déjeuner et Pains', 'Céréales, Mueslis et Granolas']",Naturalia,True,False,false,2.0,MONTH,500g,[],https://courses.monoprix.fr/images-v3/0c44253f-c4a3-4340-9d37-d41e42b9d14a/eb3cff08-7e69-4bd2-969a-ee81c1e7d162/300x300.jpg
Naturalia,b136d068-21bb-44d2-ab5d-b4bbfae00c37,MPX_2152843,[Par Naturalia] Hipp Assiette Spaghettis Bolognaise 12M 230g Bio,3.36,14.61,"['Naturalia', 'Bébé', 'Alimentation Bébé']",Hipp Biologique,True,False,false,2.0,MONTH,230g,['Produit bio'],https://courses.monoprix.fr/images-v3/0c44253f-c4a3-4340-9d37-d41e42b9d14a/690cd558-6bc9-470b-a7f6-9b09d11b0f51/300x300.jpg
Naturalia,020ffb18-476c-41e0-89f3-07db80a8984e,MPX_2335482,[Par Naturalia] Bien Pain De Mie Céréales & Graines Bio 500g,3.66,7.32,"['Naturalia', 'Petit-déjeuner et Pains', 'Pains, Biscottes et Galettes']",BIEN,True,False,false,5.0,DAY,500g,['Produit bio'],https://courses.monoprix.fr/images-v3/0c44253f-c4a3-4340-9d37-d41e42b9d14a/7a66f364-5a57-4439-914e-9932b694f546/300x300.jpg
Naturalia,42b1a2b0-fcfa-4c43-9390-a9853c70eb3e,MPX_3537297,[Par Naturalia] Babybio Petits Pots Légumes et Veau 6M 2x200g Bio,4.73,11.83,"['Naturalia', 'Bébé', 'Alimentation Bébé']",Babybio,True,False,false,6.0,MONTH,2 x 200g,['Produit bio'],https://courses.monoprix.fr/images-v3/0c44253f-c4a3-4340-9d37-d41e42b9d14a/00e587b5-c430-456c-9a3f-ee3a550819ff/300x300.jpg
Naturalia,b2aa9a7b-6e5b-4bee-8118-6c16787c547b,MPX_2121341,[Par Naturalia]  Hipp Petites Lasagnes Aux Légumes 18M Bio 260G,2.99,11.5,"['Naturalia', 'Bébé', 'Alimentation Bébé']",Hipp Biologique,True,False,false,2.0,MONTH,260g,['Produit bio'],https://courses.monoprix.fr/images-v3/0c44253f-c4a3-4340-9d37-d41e42b9d14a/81fda2a9-5675-4bdc-a5dd-66707666e686/300x300.jpg
Naturalia,da77b7e7-52a6-4518-aa6f-56caa1feee13,MPX_3418273,[Par Naturalia] Nutriform Choucroute Bio 790g,5.25,6.65,"['Naturalia', 'Epicerie salée', 'Conserves']",Nutriform,True,False,false,1.0,YEAR,790g,['Produit bio'],https://courses.monoprix.fr/images-v3/0c44253f-c4a3-4340-9d37-d41e42b9d14a/aa6fd3de-e54a-4687-9236-245b9bd09845/300x300.jpg
Naturalia,a88e5b47-4b71-4d61-afb8-8f975c4b7897,MPX_3777286,[Par Naturalia]  Babybio BB Croissance Lait Liquide dès 10 mois 6 x 1L,19.9,3.32,"['Naturalia', 'Bébé', 'Laits infantiles']",Babybio,True,False,false,6.0,MONTH,6 x 1L,['Produit bio'],https://courses.monoprix.fr/images-v3/0c44253f-c4a3-4340-9d37-d41e42b9d14a/f17cef35-6911-4274-b57f-729527d9ce18/300x300.jpg
Naturalia,bea24755-91ef-4305-a591-3b4440eb5d1c,MPX_3440560,[Par Naturalia] Sojade So Soja Nature à la Grecque Bio 400g,2.59,6.48,"['Naturalia', 'Crèmerie', 'Yaourts et Desserts']",SOJADE,True,False,false,1.0,WEEK,400g,"['Produit vegan', 'Produit bio']",https://courses.monoprix.fr/images-v3/0c44253f-c4a3-4340-9d37-d41e42b9d14a/46031c39-c6f7-45bd-a481-2bc5e83634d5/300x300.jpg
Naturalia,634470e8-5ce5-4861-8565-3b7738a9f1a3,MPX_3524442,Naturalia Comté Bio 200g,5.24,26.2,"['Naturalia', 'Crèmerie', 'Fromages']",NATURALIA,True,False,false,2.0,WEEK,200g,['Produit bio'],https://courses.monoprix.fr/images-v3/0c44253f-c4a3-4340-9d37-d41e42b9d14a/aa8b8dc5-bd43-4061-8037-cf5f89917a84/300x300.jpg
Naturalia,8c139baa-b5e8-4988-bc48-d9e4b2ca0076,MPX_3683516,Naturalia Kéfir nature Bio 250ml,1.77,7.08,"['Naturalia', 'Crèmerie', 'Laits']",NATURALIA,True,False,false,1.0,WEEK,250ml,['Produit bio'],https://courses.monoprix.fr/images-v3/0c44253f-c4a3-4340-9d37-d41e42b9d14a/6c7e3fa1-09fb-417b-8645-f6ee27ac1627/300x300.jpg
Naturalia,1a2a5822-7b9b-4efe-aa7e-76cdb6160c20,MPX_2934784,[Par Naturalia] Charitea Thé Glacé Gingembre Charitea Green 330Ml Bio,2.19,6.64,"['Naturalia', 'Boissons', 'Softs et Sirops']",Lemonaid,True,False,false,1.0,MONTH,330ml,['Produit bio'],https://courses.monoprix.fr/images-v3/0c44253f-c4a3-4340-9d37-d41e42b9d14a/fbf5e848-347b-454c-a4a1-fa3f4a28fc32/300x300.jpg
Naturalia,ef26cddc-decf-45c9-a50d-273f6907e19f,MPX_3706414,[Par Naturalia] Bien Pains au Lait Biologique x8 280g,3.14,11.21,"['Naturalia', 'Petit-déjeuner et Pains', 'Pains, Biscottes et Galettes']",BIEN,True,False,false,1.0,WEEK,280g,['Produit bio'],https://courses.monoprix.fr/images-v3/0c44253f-c4a3-4340-9d37-d41e42b9d14a/91255f74-13b9-4bd0-90b8-c712b6f9eb71/300x300.jpg
Naturalia,1bef07a7-8830-4d30-88f4-64a060fb4386,MPX_3525636,Naturalia Emmental En Tranches Bio X8 150G,3.41,22.73,"['Naturalia', 'Crèmerie', 'Fromages']",NATURALIA,True,False,false,3.0,WEEK,150g,['Produit bio'],https://courses.monoprix.fr/images-v3/0c44253f-c4a3-4340-9d37-d41e42b9d14a/099531da-754c-480b-8f4a-2ba56522e640/300x300.jpg
Naturalia,629ae3a2-a728-4e36-898d-22af96322a03,MPX_2562586,[Par Naturalia] Karma Kombucha Au Gingembre 50Cl Bio,3.66,7.32,"['Naturalia', 'Boissons', 'Jus de fruits frais et Kombuchas']",KARMA,True,False,false,2.0,MONTH,500ml,['Produit bio'],https://courses.monoprix.fr/images-v3/0c44253f-c4a3-4340-9d37-d41e42b9d14a/dcb5e8d4-3b7d-4ca5-9b11-385f0b8d2666/300x300.jpg
Naturalia,a7886a02-98f4-46bc-b030-689d8ee27e92,MPX_6564110,Naturalia Steaks Hachés Pur Bœuf Façon Bouchère Mat Grasses 5%  2X100G,4.4,22.0,"['Naturalia', 'Charcuterie, Volailles et Viandes', 'Viandes']",NATURALIA,True,False,false,4.0,DAY,2 x 100g,['Produit bio'],https://courses.monoprix.fr/images-v3/0c44253f-c4a3-4340-9d37-d41e42b9d14a/23ebd12f-8510-49ab-98c6-153d26a77637/300x300.jpg
Naturalia,367fa8df-9662-4e11-8c4b-cad55b547092,MPX_2138359,[Par Naturalia] Pural Pain Complet au Seigle Bio 375g,2.09,5.57,"['Naturalia', 'Petit-déjeuner et Pains', 'Pains, Biscottes et Galettes']",PURAL,True,False,false,1.0,MONTH,375g,"['Produit vegan', 'Produit bio']",https://courses.monoprix.fr/images-v3/0c44253f-c4a3-4340-9d37-d41e42b9d14a/014da2f3-bd08-432b-a1a1-630a65082d7e/300x300.jpg
Naturalia,7b056e35-3b63-4146-99a5-6798ac693787,MPX_3166225,[Par Naturalia] Damiano Tahin 275G Bio,5.45,19.82,"['Naturalia', 'Petit-déjeuner et Pains', ""Purée d'Oléagineux""]",DAMIANO,True,False,false,2.0,MONTH,275g,['Produit bio'],https://courses.monoprix.fr/images-v3/0c44253f-c4a3-4340-9d37-d41e42b9d14a/ec38c756-aa08-4ccf-99e4-ad587f635ff6/300x300.jpg
Naturalia,6b519874-9abc-47a1-a7d7-e8cc51f8f32d,MPX_1864581,[Par Naturalia] Babybio Carotte Potimarron Pomme Canard fermier du Poitou 400g,5.76,14.4,"['Naturalia', 'Bébé', 'Alimentation Bébé']",Babybio,True,False,false,6.0,MONTH,2 x 200g,['Produit bio'],https://courses.monoprix.fr/images-v3/0c44253f-c4a3-4340-9d37-d41e42b9d14a/554ec18d-4b98-40ad-aaf7-eb5a4710865f/300x300.jpg
Naturalia,109b44a1-2e0a-4cdd-87e5-6981290bd710,MPX_2122435,[Par Naturalia] Germ Line Kombucha Au Thé Vert 1L Bio,6.29,6.29,"['Naturalia', 'Boissons', 'Jus de fruits frais et Kombuchas']",GERM LINE,True,False,false,1.0,MONTH,1L,['Produit bio'],https://courses.monoprix.fr/images-v3/0c44253f-c4a3-4340-9d37-d41e42b9d14a/06c9df69-935f-42bc-bd26-fb4f443e0a09/300x300.jpg
Naturalia,3dc213ca-7ad7-40a5-b1ee-f3b3e3a12dea,MPX_3537028,[Par Naturalia]  Babybio Dessert Brassé Bio Coco Pomme d'Aquitaine Poire Dès 6 mois 4x85g,5.55,16.32,"['Naturalia', 'Bébé', 'Alimentation Bébé']",Babybio,True,False,false,2.0,MONTH,4 x 85g,['Produit bio'],https://courses.monoprix.fr/images-v3/0c44253f-c4a3-4340-9d37-d41e42b9d14a/67932a3f-1148-4146-97fc-bcc779ebe319/300x300.jpg
Naturalia,cd7b64c4-0e6a-4c58-aded-cdf1a223864e,MPX_3623053,[Par Naturalia] Crème cuisine végétale à la Noix de Cajou 20cl Bio,1.88,9.4,"['Naturalia', 'Crèmerie', 'Alternatives végétales']",Naturalia,True,False,false,6.0,MONTH,200ml,['Produit bio'],https://courses.monoprix.fr/images-v3/0c44253f-c4a3-4340-9d37-d41e42b9d14a/39d4b3e4-e348-4b75-8192-92885f3d2267/300x300.jpg
Naturalia,b0734c9f-5ffb-4fe9-a386-51410560f679,MPX_6603792,Naturalia Pur Jus de Tomate France 75cl,2.68,3.57,"['Naturalia', 'Boissons', 'Jus de fruits et de légumes']",Naturalia,True,False,false,6.0,MONTH,75cl,['Produit bio'],https://courses.monoprix.fr/images-v3/0c44253f-c4a3-4340-9d37-d41e42b9d14a/b44ebb78-3485-42ea-b963-7407ae717725/300x300.jpg
Naturalia,1d650cf4-69cd-4f5f-9900-ede197954d2e,MPX_2122040,[Par Naturalia] Gaborit Beurre Doux Au Lait Cru 125G Bio,3.14,25.12,"['Naturalia', 'Crèmerie', 'Beurres et Crèmes']",GABORIT,True,False,false,1.0,WEEK,125g,['Produit bio'],https://courses.monoprix.fr/images-v3/0c44253f-c4a3-4340-9d37-d41e42b9d14a/28a640c6-d96c-435c-af77-e953084f9b8f/300x300.jpg
Naturalia,e425bfdb-b46a-4866-910a-4cad51625af7,MPX_3872404,Hipp Petits pots gratin lasagnes au Céléri Bébé dès 8 mois Bio 2x190g,3.95,10.39,"['Naturalia', 'Bébé', 'Alimentation Bébé']",Hipp Biologique,True,False,false,6.0,MONTH,2 x 190g,['Produit bio'],https://courses.monoprix.fr/images-v3/0c44253f-c4a3-4340-9d37-d41e42b9d14a/9cf5bb67-70f4-433b-9673-3b1cfa143405/300x300.jpg
Naturalia,ef88a6c1-6663-4845-ae9d-f79db2f33d91,MPX_2122248,Babybio pot pour bébé panais 4 mois bio 260g,2.89,11.12,"['Naturalia', 'Bébé', 'Alimentation Bébé']",Babybio,True,False,false,6.0,MONTH,260g,['Produit bio'],https://courses.monoprix.fr/images-v3/0c44253f-c4a3-4340-9d37-d41e42b9d14a/89db08a3-3a1e-420e-9759-d9e42e739d06/300x300.jpg
Naturalia,3c412b25-1b23-4fde-9a93-3b5522a439b2,MPX_2216706,[Par Naturalia] Ortiz Thon Albacore À L'Huile D'Olive Bio 150g,9.96,66.4,"['Naturalia', 'Epicerie salée', 'Conserves']",ORTIZ,True,False,false,1.0,YEAR,150g,[],https://courses.monoprix.fr/images-v3/0c44253f-c4a3-4340-9d37-d41e42b9d14a/7a06ea76-a98c-4fb8-96ed-142ae1667b21/300x300.jpg
Naturalia,3d12ca71-c2f1-4361-93ee-01fe6736a7c7,MPX_2122655,[Par Naturalia] Autour du Riz Riz Thaï Demi-Complet Bio 500g,4.41,8.82,"['Naturalia', 'Epicerie salée', 'Riz, Céréales et Légumineuses']",AUTOUR DU RIZ,True,False,false,6.0,MONTH,500g,"['Produit équitable', 'Produit bio']",https://courses.monoprix.fr/images-v3/0c44253f-c4a3-4340-9d37-d41e42b9d14a/6b74e261-2ccd-4340-9c26-b11e4c55048b/300x300.jpg
Naturalia,d3efbf7c-0f40-4c24-a90a-dfa496a1c38c,MPX_2122231,[Par Naturalia] Castagna Di Vallerus Crème de Marron à la Vanille Bio 370g,5.2,14.05,"['Naturalia', 'Petit-déjeuner et Pains', 'Confitures, Miels et Pâtes à tartiner']",Castagna Di Vallerus,True,False,false,6.0,MONTH,370g,['Produit bio'],https://courses.monoprix.fr/images-v3/0c44253f-c4a3-4340-9d37-d41e42b9d14a/b63b303c-9672-43d8-aa7d-25af03abd10f/300x300.jpg
Naturalia,6d809f62-04d7-4410-80d7-339ab0ca274b,MPX_6721883,Naturalia cerneaux de noix 200g,6.29,31.45,"['Naturalia', 'Epicerie sucrée', 'Fruits secs']",Naturalia,True,False,false,2.0,MONTH,200g,[],https://courses.monoprix.fr/images-v3/0c44253f-c4a3-4340-9d37-d41e42b9d14a/69092522-d0e9-4b02-b6f6-8aa63e6f7313/300x300.jpg
Naturalia,ea81f4e4-22ca-4cb7-a767-7e97c6f62e4b,MPX_3046171,[Par Naturalia] Bonneterre Mozzarella Bio 125g,2.78,22.24,"['Naturalia', 'Crèmerie', 'Fromages']",Bonneterre,True,False,false,5.0,DAY,125g,['Produit bio'],https://courses.monoprix.fr/images-v3/0c44253f-c4a3-4340-9d37-d41e42b9d14a/4e2474db-bb39-49c3-8656-c033a538ad16/300x300.jpg
Naturalia,9cca7604-0009-4738-8d32-5f0aa44e05aa,MPX_2137529,[Par Naturalia] Sojade So Soja ! Chocolat Bio 4x100g,2.89,7.23,"['Naturalia', 'Crèmerie', 'Yaourts et Desserts']",SOJADE,True,False,false,2.0,WEEK,4 x 100g,"['Produit vegan', 'Produit bio']",https://courses.monoprix.fr/images-v3/0c44253f-c4a3-4340-9d37-d41e42b9d14a/322779e0-5b23-4331-be4a-9382584c1b9a/300x300.jpg
Naturalia,7b06e873-7368-4f72-af44-74f9ab068471,MPX_3306342,[Par Naturalia]  Good Goût Biscuits Carrés Banane 8M 50G Bio,3.49,69.8,"['Bébé', 'Bébé bio', 'Biscuit bio']",Good Goût,True,False,false,2.0,MONTH,50g,['Produit bio'],https://courses.monoprix.fr/images-v3/0c44253f-c4a3-4340-9d37-d41e42b9d14a/9696a547-7bb0-4e71-830c-371a3d3c1200/300x300.jpg
Naturalia,cd43393b-7dd9-4ae0-b52f-e6b7118e5398,MPX_2864718,[Par Naturalia] Crème cuisine amande Bio 20cl,1.79,8.95,"['Naturalia', 'Crèmerie', 'Alternatives végétales']",ECOMIL,True,False,false,6.0,MONTH,200ml,"['Produit vegan', 'Produit bio']",https://courses.monoprix.fr/images-v3/0c44253f-c4a3-4340-9d37-d41e42b9d14a/7e0d056b-6f50-4de0-abec-18020dba50f6/300x300.jpg
Naturalia,bc86c840-093e-4d0f-90ce-e2aecb1b6c72,MPX_3279228,Naturalia Confiture de Framboises Bio 350g,4.19,11.97,"['Naturalia', 'Petit-déjeuner et Pains', 'Confitures, Miels et Pâtes à tartiner']",NATURALIA,True,False,false,1.0,YEAR,350g,['Produit bio'],https://courses.monoprix.fr/images-v3/0c44253f-c4a3-4340-9d37-d41e42b9d14a/2f5838a7-2c65-4f28-bdbe-91ec983dcbe9/300x300.jpg
Naturalia,bccf1d7a-439b-4b94-ae7b-2c142788a248,MPX_1524532,[Par Naturalia] Le Pain des Fleurs Tartines Craquantes au Quinoa sans Gluten Bio 150g,4.4,29.33,"['Naturalia', 'Petit-déjeuner et Pains', 'Pains, Biscottes et Galettes']",LE PAIN DES FLEURS,True,False,false,2.0,MONTH,150g,"['Produit équitable', 'Produit vegan', 'Produit bio']",https://courses.monoprix.fr/images-v3/0c44253f-c4a3-4340-9d37-d41e42b9d14a/08b5e2f9-7143-4bbd-aa43-7a17c6453e49/300x300.jpg
Naturalia,357117ef-0cc6-471d-bffe-ba34af02eab1,MPX_3330336,[Par Naturalia] Grandeur Nature Yaourt Emprésuré Au Chocolat 2X125G Bio,2.4,9.6,"['Naturalia', 'Crèmerie', 'Yaourts et Desserts']",GRANDEUR NATURE,True,False,false,1.0,WEEK,250g,['Produit bio'],https://courses.monoprix.fr/images-v3/0c44253f-c4a3-4340-9d37-d41e42b9d14a/9990fc3c-e4ec-44c0-8188-11ddbb561c08/300x300.jpg
Naturalia,9c69f166-34f0-47ca-bf94-ea0b2bc3dbca,MPX_3010467,[Par Naturalia] Damiano Purée Amandes Complètes Grillées Bio 275g,8.91,32.4,"['Naturalia', 'Petit-déjeuner et Pains', ""Purée d'Oléagineux""]",DAMIANO,True,False,false,2.0,MONTH,275g,['Produit bio'],https://courses.monoprix.fr/images-v3/0c44253f-c4a3-4340-9d37-d41e42b9d14a/af762441-8b7c-4cf5-abda-f245b3c23fcd/300x300.jpg
Naturalia,c1fca8c5-5b11-435f-991f-3e185c2f2053,MPX_3939068,"Babynat Plat Carotte, Pomme de Terre & Cabillaud dès 15M 220g",2.55,11.59,"['Naturalia', 'Bébé', 'Alimentation Bébé']",Babynat,True,False,false,2.0,MONTH,220g,['Produit bio'],https://courses.monoprix.fr/images-v3/0c44253f-c4a3-4340-9d37-d41e42b9d14a/3c646742-da19-4812-be11-4f179bcd9717/300x300.jpg
Naturalia,66f12c88-a498-4a4b-bcbd-f84936f6e5e5,MPX_3789968,[Par Naturalia] Babybio Céréales Cacao et Quinoa Dès 8M Bio,5.39,24.5,"['Naturalia', 'Bébé', 'Alimentation Bébé']",Babybio,True,False,false,6.0,MONTH,220g,['Produit bio'],https://courses.monoprix.fr/images-v3/0c44253f-c4a3-4340-9d37-d41e42b9d14a/17cc130d-f790-4185-98f3-09117bfa6074/300x300.jpg
Naturalia,d19686b0-2625-4e7d-912f-0aa8b700164f,MPX_2613257,[Par Naturalia] Organyc Serviettes hygiéniques hyper fines Bio x10,5.83,5.83,"['Naturalia', 'Beauté, Hygiène et Huiles essentielles', 'Hygiène féminine']",Organyc,True,False,false,1.0,YEAR,,['Produit bio'],https://courses.monoprix.fr/images-v3/0c44253f-c4a3-4340-9d37-d41e42b9d14a/574a0d57-15e8-47fe-9d57-a81ed2931a84/300x300.jpg
Naturalia,1090b71b-939d-411d-a449-85d48267a521,MPX_3194599,[Par Naturalia] Cerealpes Galettes De Pois Chiches X4 200G Bio,4.78,23.9,"['Naturalia', 'Traiteur', 'Tartes, Galettes et Plats cuisinés']",CEREALPES,True,False,false,1.0,WEEK,200g,['Produit bio'],https://courses.monoprix.fr/images-v3/0c44253f-c4a3-4340-9d37-d41e42b9d14a/f04356e5-e5d0-4419-ae16-47da18ae5860/300x300.jpg
Naturalia,639991a3-ee70-4c6f-a155-96e591c09d88,MPX_2122103,[Par Naturalia] Le Delizie Di Mamma Passata 700G Bio,2.78,3.97,"['Naturalia', 'Epicerie salée', 'Pâtes et Sauces']",LE DELIZIE DI MAMMA,True,False,false,1.0,YEAR,700g,['Produit bio'],https://courses.monoprix.fr/images-v3/0c44253f-c4a3-4340-9d37-d41e42b9d14a/564533dc-b4e7-4862-99e8-6695e350196e/300x300.jpg
Naturalia,780fb876-22ad-4ca8-8045-aa6e1cef9a64,MPX_2650485,[Par Naturalia] Primeal Double Concentré de Tomates 200g Bio,2.89,14.45,"['Naturalia', 'Epicerie salée', 'Pâtes et Sauces']",PRIMEAL,True,False,false,6.0,MONTH,200g,['Produit bio'],https://courses.monoprix.fr/images-v3/0c44253f-c4a3-4340-9d37-d41e42b9d14a/12aa469f-d63b-40d9-9c8e-b8ffd707dffc/300x300.jpg
Naturalia,421e21f2-0c2a-423c-b60b-9aecd13e57a6,MPX_6562952,Naturalia Papier Toilette Compact Ecologique x4 684g,3.52,5.15,"['Naturalia', ""Produits d'entretien"", 'Essuie-tout, Papier toilette et Mouchoirs']",NATURALIA,True,False,false,,,684g,[],https://courses.monoprix.fr/images-v3/0c44253f-c4a3-4340-9d37-d41e42b9d14a/cc33fb4c-c90f-465d-b033-17c80bbd036a/300x300.jpg
Naturalia,c0576ab2-94f7-457e-b545-7c6ce82b3c63,MPX_2123577,[Par Naturalia] Danipom Dani'Pom Purée Pomme Banane Sans Sucres Ajoutés 700G Bio,6.25,8.93,"['Naturalia', 'Epicerie sucrée', 'Compotes et Desserts']",DANIPOM,True,False,false,1.0,YEAR,700g,['Produit bio'],https://courses.monoprix.fr/images-v3/0c44253f-c4a3-4340-9d37-d41e42b9d14a/ebdca301-d154-4461-be79-949e999d270e/300x300.jpg
Naturalia,8a6528d5-4408-4a8c-921c-35d54da5658e,MPX_2664745,[Par Naturalia] Grandeur Nature Semoule au Lait de Brebis Nature Bio 2x140G,3.62,12.93,"['Naturalia', 'Crèmerie', 'Yaourts et Desserts']",GRANDEUR NATURE,True,False,false,1.0,WEEK,280g,['Produit bio'],https://courses.monoprix.fr/images-v3/0c44253f-c4a3-4340-9d37-d41e42b9d14a/498eecd8-1262-4c9c-8067-349febef2ff8/300x300.jpg
Naturalia,51f9fb82-dd31-4588-94b7-1f8f0bf9f109,MPX_3498735,Naturalia Jambon Avec Couenne Qualité Supérieure Bio X4 160G,6.83,42.69,"['Naturalia', 'Charcuterie, Volailles et Viandes', 'Charcuterie']",NATURALIA,True,False,false,1.0,WEEK,160g,['Produit bio'],https://courses.monoprix.fr/images-v3/0c44253f-c4a3-4340-9d37-d41e42b9d14a/6bd084a7-9547-4c5c-abf8-a00ebff6522b/300x300.jpg
Naturalia,36c72eba-2ab7-4b24-8fa9-6d0d7e94bbe9,MPX_2367743,[Par Naturalia] Prosain Pois Chiches Bio 345g,2.68,11.65,"['Naturalia', 'Epicerie salée', 'Conserves']",PROSAIN,True,False,false,1.0,YEAR,230g,['Produit bio'],https://courses.monoprix.fr/images-v3/0c44253f-c4a3-4340-9d37-d41e42b9d14a/e6ac1c3a-0882-4c07-9349-aa3422ed79ff/300x300.jpg
Naturalia,54deb60b-0cf9-431d-a47a-dc7c40db92f9,MPX_2121578,[Par Naturalia] Markal Farine de Petit Épeautre Intégrale Bio 500g,4.19,8.38,"['Naturalia', 'Epicerie sucrée', 'Sucres, Farines et Sons']",MARKAL,True,False,false,2.0,MONTH,500g,['Produit bio'],https://courses.monoprix.fr/images-v3/0c44253f-c4a3-4340-9d37-d41e42b9d14a/d390d5f7-5f26-4e12-9dad-000239b19796/300x300.jpg
Naturalia,3bde0795-f44d-47a2-b904-67fb7a0d0b57,MPX_2136542,[Par Naturalia] Bio Planète Huile de coco vierge 200ml,4.19,20.95,"['Naturalia', 'Beauté, Hygiène et Huiles essentielles', 'Soins Visage, Corps et Argile']",Bio Planète,True,False,false,6.0,MONTH,200ml,"['Produit vegan', 'Produit bio']",https://courses.monoprix.fr/images-v3/0c44253f-c4a3-4340-9d37-d41e42b9d14a/59e4aec1-62e4-4456-af5e-cb3d6aa5055e/300x300.jpg
Naturalia,3e332927-3e4c-4b85-aca5-14ac4de5474f,MPX_3318322,"Babybio Pots De Carotte, Potimarron Et Truite 8 Mois Et + 400g",4.35,10.88,"['Naturalia', 'Bébé', 'Alimentation Bébé']",Babybio,True,False,false,6.0,MONTH,2 x 200g,['Produit bio'],https://courses.monoprix.fr/images-v3/0c44253f-c4a3-4340-9d37-d41e42b9d14a/f224ff45-7344-40d8-9abb-74f667077065/300x300.jpg
Naturalia,b94d7369-5325-4dca-bfc1-1e6e700ce9d2,MPX_3291606,Naturalia Noisettes Décortiquées Bio 250G,6.29,25.16,"['Naturalia', 'Epicerie sucrée', 'Fruits secs']",NATURALIA,True,False,false,2.0,MONTH,250g,['Produit bio'],https://courses.monoprix.fr/images-v3/0c44253f-c4a3-4340-9d37-d41e42b9d14a/36a0258c-74e4-4504-8d82-4a14718a5e5b/300x300.jpg
Naturalia,4e3ed692-e82f-4fbe-9ca1-77f1fdff6239,MPX_2787231,Naturalia Yaourt Brebis À La Vanille Bio 2x125g,2.42,9.68,"['Naturalia', 'Crèmerie', 'Yaourts et Desserts']",NATURALIA,True,False,false,1.0,WEEK,2 x 125g,['Produit bio'],https://courses.monoprix.fr/images-v3/0c44253f-c4a3-4340-9d37-d41e42b9d14a/91ea76ea-b92f-4b89-876d-e3b525bfcd5d/300x300.jpg
Naturalia,d906c61c-51ec-4345-94e1-8334a44c3002,MPX_3330631,Naturalia Emmental Bio 250g,5.24,20.96,"['Naturalia', 'Crèmerie', 'Fromages']",NATURALIA,True,False,false,3.0,WEEK,250g,['Produit bio'],https://courses.monoprix.fr/images-v3/0c44253f-c4a3-4340-9d37-d41e42b9d14a/108e324b-0e80-40c5-ba20-23ef7f3e952a/300x300.jpg
Naturalia,e7bac7bf-475f-4a2b-a4c7-c4af17012e32,MPX_2351732,[Par Naturalia] Tradi-Bergere Yaourt Au Lait De Brebis À La Vanille 2X125G Bio,2.68,10.72,"['Naturalia', 'Crèmerie', 'Yaourts et Desserts']",TRADI-BERGERE,True,False,false,1.0,WEEK,2 x 125g,['Produit bio'],https://courses.monoprix.fr/images-v3/0c44253f-c4a3-4340-9d37-d41e42b9d14a/cb59ee4d-fb22-49cc-aa8c-bddc61357392/300x300.jpg
Naturalia,a0a25fb1-b57a-4dd9-90e7-690438bf7211,MPX_1524529,[Par Naturalia] Le Pain Des Fleurs Tartines Craquantes Au Sarrasin Sans Gluten 150G Bio,2.93,19.53,"['Naturalia', 'Petit-déjeuner et Pains', 'Pains, Biscottes et Galettes']",Le Pain Des Fleurs,True,False,false,6.0,MONTH,150g,"['Produit vegan', 'Produit bio']",https://courses.monoprix.fr/images-v3/0c44253f-c4a3-4340-9d37-d41e42b9d14a/19abe6c3-d57a-4825-addb-b52c815d5216/300x300.jpg
Naturalia,f0408633-3470-490d-aa08-c9fb4fd72df4,MPX_2335469,[Par Naturalia] La Bergerie Yaourt Au Lait De Brebis Myrtille 2X125G Bio,3.05,12.2,"['Naturalia', 'Crèmerie', 'Yaourts et Desserts']",LA BERGERIE,True,False,false,1.0,WEEK,250g,['Produit bio'],https://courses.monoprix.fr/images-v3/0c44253f-c4a3-4340-9d37-d41e42b9d14a/26a7d15b-6752-41e5-bc71-6622bc3d81a9/300x300.jpg
Naturalia,bf31b971-bfd9-435e-b517-a672a22f9d25,MPX_3500239,[Par Naturalia] Primeal Haricots Verts Extra Fins Bio 720ml,4.71,6.54,"['Naturalia', 'Epicerie salée', 'Conserves']",PRIMEAL,True,False,false,1.0,YEAR,720ml,['Produit bio'],https://courses.monoprix.fr/images-v3/0c44253f-c4a3-4340-9d37-d41e42b9d14a/d1d433a3-fbb6-432a-93e5-ccc6e287df53/300x300.jpg
Naturalia,423620bb-ac18-430f-b3ce-6b8d59e3f2d6,MPX_2850394,[Par Naturalia] Oxfam Limonade Bio 33cl,1.88,5.7,"['Naturalia', 'Boissons', 'Softs et Sirops']",OXFAM,True,False,false,1.0,MONTH,330ml,"['Produit équitable', 'Produit bio']",https://courses.monoprix.fr/images-v3/0c44253f-c4a3-4340-9d37-d41e42b9d14a/f16e852b-b74f-44a5-9631-7611a36c52d1/300x300.jpg
Naturalia,f273865d-6310-4e1c-aa62-6c14e30af98c,MPX_2352582,[Par Naturalia] Lima Chips Tortilla Original 90G Bio,1.98,22.0,"['Naturalia', 'Epicerie salée', 'Produits Apéritif']",LIMA,True,False,false,1.0,MONTH,90g,['Produit bio'],https://courses.monoprix.fr/images-v3/0c44253f-c4a3-4340-9d37-d41e42b9d14a/906903c7-a310-42a2-8326-fc22829b859b/300x300.jpg
Naturalia,ac1cf58c-5bc8-404b-b8f7-b4bde3f0bc2c,MPX_3173674,[Par Naturalia] Tensai Tea Thé Matcha Glacé Menthe Poivrée 33Cl Bio,2.89,8.76,"['Naturalia', 'Boissons', 'Softs et Sirops']",Tensai Tea,True,False,false,1.0,MONTH,330ml,['Produit bio'],https://courses.monoprix.fr/images-v3/0c44253f-c4a3-4340-9d37-d41e42b9d14a/9f598585-7937-4f82-95dd-14865ca4a8d4/300x300.jpg
Naturalia,c8c4c980-e054-4a99-8b28-b3b367a4c2e0,MPX_2122892,[Par Naturalia]  Good Goût courges butternut Sauté d'Agneau Bio 190g,3.99,21.0,"['Naturalia', 'Bébé', 'Alimentation Bébé']",Good Goût,True,False,false,2.0,MONTH,190g,['Produit bio'],https://courses.monoprix.fr/images-v3/0c44253f-c4a3-4340-9d37-d41e42b9d14a/7cbf0ebe-3aca-46e6-9dda-22e1414985d7/300x300.jpg
Naturalia,43230b21-9c62-4095-ad3c-c2f38633a25f,MPX_2397440,[Par Naturalia] Bio Planète Huile De Sésame Grillée 250Ml Bio,5.41,21.64,"['Naturalia', 'Epicerie salée', 'Huiles, Vinaigres et Sauces salade']",Bio Planète,True,False,false,2.0,MONTH,250ml,"['Produit équitable', 'Produit vegan', 'Produit bio']",https://courses.monoprix.fr/images-v3/0c44253f-c4a3-4340-9d37-d41e42b9d14a/9184405d-20d9-49be-ad35-4e98dd91646e/300x300.jpg
Naturalia,671f3c11-3240-45d8-a3b5-69e769699eea,MPX_2152489,[Par Naturalia] Lazzaretti Vermicelles Bio Lazzaretti 500g,2.1,4.2,"['Naturalia', 'Epicerie salée', 'Pâtes et Sauces']",LAZZARETTI,True,False,false,1.0,YEAR,500g,['Produit bio'],https://courses.monoprix.fr/images-v3/0c44253f-c4a3-4340-9d37-d41e42b9d14a/aa1d6702-a1a5-4e28-8b0a-db386d185f86/300x300.jpg
Naturalia,9f70326b-6f7d-4f01-85c0-bc73d1ae9ec9,MPX_1261904,[Par Naturalia] Rapunzel Bouillon de Légumes en Cubes Bio 84g,2.47,29.4,"['Naturalia', 'Epicerie salée', 'Soupes']",RAPUNZEL,True,False,false,2.0,MONTH,84g,['Produit bio'],https://courses.monoprix.fr/images-v3/0c44253f-c4a3-4340-9d37-d41e42b9d14a/50506c00-02f6-43e1-ad78-359af0cded11/300x300.jpg
Naturalia,250d1ba6-19bd-49b0-a1b9-219fe0fd1091,MPX_3184127,[Par Naturalia] Catherine Kluger Granola Chocolat Noir & Pépites 350G Bio,7.69,21.97,"['Naturalia', 'Petit-déjeuner et Pains', 'Céréales, Mueslis et Granolas']",CATHERINE KLUGER,True,False,false,2.0,MONTH,350g,['Produit bio'],https://courses.monoprix.fr/images-v3/0c44253f-c4a3-4340-9d37-d41e42b9d14a/2ba5da53-de9d-4ccb-80ec-ac05e3e5c5a4/300x300.jpg
Naturalia,81d45675-6388-41cd-975a-d7179e0fbc11,MPX_4096463,[Par Naturalia] Moulins de Versailles Farine complète de Blé T65 Bio 1kg,3.09,3.09,"['Naturalia', 'Epicerie sucrée', 'Sucres, Farines et Sons']",Moulins de Versailles,True,False,false,2.0,MONTH,1kg,['Produit bio'],https://courses.monoprix.fr/images-v3/0c44253f-c4a3-4340-9d37-d41e42b9d14a/9341b58a-7af7-4244-84de-7b87446236fc/300x300.jpg
Naturalia,0d5bbd83-005a-4c22-baa8-48625815ba41,MPX_3443220,"Hipp Biologique Risotto Légumes Petits Pois Poulet Bio, Dès 18 Mois",3.73,14.35,"['Naturalia', 'Bébé', 'Alimentation Bébé']",Hipp Biologique,True,False,false,2.0,MONTH,260g,['Produit bio'],https://courses.monoprix.fr/images-v3/0c44253f-c4a3-4340-9d37-d41e42b9d14a/3509b92a-303d-4c75-95de-24304d436654/300x300.jpg
Naturalia,46056369-07f2-429b-a356-a76d8a2f3fe4,MPX_2137516,La Chevrerie Yaourt Au Lait de Chèvre Bio 2x125G,2.47,9.88,"['Naturalia', 'Crèmerie', 'Yaourts et Desserts']",LA CHEVRERIE,True,False,false,1.0,WEEK,250g,['Produit bio'],https://courses.monoprix.fr/images-v3/0c44253f-c4a3-4340-9d37-d41e42b9d14a/a2bf8d96-a817-4947-8202-26d44bec41b2/300x300.jpg
Naturalia,36457c97-227c-49ce-9795-08a20980b80e,MPX_2138097,[Par Naturalia] Vitamont Jus De Tomates De Marmande 25Cl Bio,2.47,9.88,"['Naturalia', 'Boissons', 'Jus de fruits et de légumes']",Vitamont,True,False,false,1.0,MONTH,250ml,[],https://courses.monoprix.fr/images-v3/0c44253f-c4a3-4340-9d37-d41e42b9d14a/56352d76-e485-4762-8e15-749c150db422/300x300.jpg
Naturalia,e747ca25-3b32-439b-baa0-735ad457b42a,MPX_2123267,[Par Naturalia] Bioryza Chaussons Tomate-Mozzarella 2X100G Bio,6.08,30.4,"['Naturalia', 'Traiteur', 'Tartes, Galettes et Plats cuisinés']",BIORYZA,True,False,false,2.0,WEEK,200g,['Produit bio'],https://courses.monoprix.fr/images-v3/0c44253f-c4a3-4340-9d37-d41e42b9d14a/459dced5-2f0e-427c-a1ec-3b2f700695f2/300x300.jpg
Naturalia,047d335b-08e0-41ff-a845-ada7bedfad6f,MPX_2137513,[Par Naturalia] La Bergerie Dessert Chocolat Au Lait De Brebis 125G Bio,1.63,13.04,"['Naturalia', 'Crèmerie', 'Yaourts et Desserts']",LA BERGERIE,True,False,false,1.0,WEEK,125g,['Produit bio'],https://courses.monoprix.fr/images-v3/0c44253f-c4a3-4340-9d37-d41e42b9d14a/7bd3e335-ea90-4096-821b-cb97f05f3a4d/300x300.jpg
Naturalia,0be9dbbb-9947-48a3-a24e-f6243dc51e2d,MPX_3611167,Naturalia Pur Jus Multifruits Bio 1L,3.14,3.14,"['Naturalia', 'Boissons', 'Jus de fruits et de légumes']",NATURALIA,True,False,false,2.0,MONTH,1L,['Produit bio'],https://courses.monoprix.fr/images-v3/0c44253f-c4a3-4340-9d37-d41e42b9d14a/fa844ab0-9acb-45f4-ab26-d2270ab5c0c2/300x300.jpg
Naturalia,0e06acae-ef74-4ae2-991c-edd1b55f4a0d,MPX_2122786,[Par Naturalia] Rapunzel Chocolat Noir 85% Bio 80g,3.14,39.25,"['Naturalia', 'Epicerie sucrée', 'Confiseries et Chocolat']",RAPUNZEL,True,False,false,2.0,MONTH,80g,['Produit bio'],https://courses.monoprix.fr/images-v3/0c44253f-c4a3-4340-9d37-d41e42b9d14a/a8ee127b-e418-421c-a455-decd3c613a66/300x300.jpg
Naturalia,0b76cf6c-b322-4ebe-85df-159430505e39,MPX_3366943,[Par Naturalia] Lima Boisson Avoine Natural Bio 1L,2.78,2.78,"['Naturalia', 'Boissons', 'Boissons végétales']",LIMA,True,False,false,2.0,MONTH,1L,['Produit bio'],https://courses.monoprix.fr/images-v3/0c44253f-c4a3-4340-9d37-d41e42b9d14a/0917926b-97a6-4b0c-8c97-d4084465da9c/300x300.jpg
Naturalia,7b3495f2-85a4-4d03-9024-1cfad50cff66,MPX_3537405,[Par Naturalia] Artisans du Monde Mangues Séchées Brooks Bio 100g,4.36,43.6,"['Naturalia', 'Epicerie sucrée', 'Fruits secs']",ARTISANS DU MONDE,True,False,false,2.0,MONTH,100g,"['Produit équitable', 'Produit bio']",https://courses.monoprix.fr/images-v3/0c44253f-c4a3-4340-9d37-d41e42b9d14a/b1ad0ab2-2ddc-42ee-8a29-5a60add4a0d1/300x300.jpg
Naturalia,49690a88-e62e-4276-9bc8-0ae13770d264,MPX_1774043,[Par Naturalia]  Cattier Shampooing Extra-Doux Usage Quotidien Bio 1L,13.9,13.9,"['Naturalia', 'Beauté, Hygiène et Huiles essentielles', 'Soins Cheveux']",Cattier,True,False,false,6.0,MONTH,1L,[],https://courses.monoprix.fr/images-v3/0c44253f-c4a3-4340-9d37-d41e42b9d14a/26591bc7-adc3-42dc-92ef-9abb3fc1ce40/300x300.jpg
Naturalia,d87e4592-3cd9-4b24-9af9-f7012f3b0947,MPX_2137548,"[Par Naturalia] Tante Hélène Fromage Blanc Nature 3,6% Bio 400g",2.72,6.8,"['Naturalia', 'Crèmerie', 'Yaourts et Desserts']",TANTE HELENE,True,False,false,1.0,WEEK,400g,['Produit bio'],https://courses.monoprix.fr/images-v3/0c44253f-c4a3-4340-9d37-d41e42b9d14a/717e0e21-e7e5-4e5c-aac2-0e6033fd5a08/300x300.jpg
Naturalia,55409738-4956-49c3-b22a-c0891e08a9b4,MPX_3537024,Babybio Dessert Pomme d'Aquitaine Banane & Lait de Coco Dès 6 mois 2x130g,2.95,11.35,"['Naturalia', 'Bébé', 'Alimentation Bébé']",Babybio,True,False,false,6.0,MONTH,2 x 130g,['Produit bio'],https://courses.monoprix.fr/images-v3/0c44253f-c4a3-4340-9d37-d41e42b9d14a/9f2ad20c-32b6-444c-b121-9615af77c5e0/300x300.jpg
Naturalia,c314fb5d-4660-4859-afec-f29c2acc30ce,MPX_2122698,[Par Naturalia] Soy Seitan en Tranches avec sa Sauce Bio 2x125g,4.57,18.28,"['Naturalia', 'Epicerie salée', 'Plats cuisinés']",SOY,True,False,false,2.0,WEEK,250g,['Produit bio'],https://courses.monoprix.fr/images-v3/0c44253f-c4a3-4340-9d37-d41e42b9d14a/7d1cda16-d2ab-4c4d-a485-6f4719729c22/300x300.jpg
Naturalia,fc128d7c-a567-4266-9cde-22a26804d22e,MPX_2121547,[Par Naturalia] Markal Graines De Courge Chine Bio 500g,6.29,12.58,"['Naturalia', 'Epicerie salée', 'Condiments, Graines et Epices']",MARKAL,True,False,false,2.0,MONTH,500g,['Produit bio'],https://courses.monoprix.fr/images-v3/0c44253f-c4a3-4340-9d37-d41e42b9d14a/bd9839b4-9a4c-41e7-b20b-d0c8d66c4e7f/300x300.jpg
Naturalia,a40cffd0-cfef-4d42-b1f2-4361dfa2a43e,MPX_3939055,"Babybio petits pots carottes, tomates & pâtes dès 8 mois 2x200g",2.95,7.38,"['Naturalia', 'Bébé', 'Alimentation Bébé']",Babybio,True,False,false,6.0,MONTH,2 x 200g,['Produit bio'],https://courses.monoprix.fr/images-v3/0c44253f-c4a3-4340-9d37-d41e42b9d14a/1cc0dfef-48e2-4237-a580-59fa8c025d8d/300x300.jpg
Naturalia,a9d159e8-2040-47fc-a252-4a11f667ec5d,MPX_3955095,[Par Naturalia] Evernat Boisson Douceur Avoine Sans Sucres Bio 1L,1.98,1.98,"['Naturalia', 'Boissons', 'Boissons végétales']",EVERNAT,True,False,false,1.0,MONTH,1L,['Produit bio'],https://courses.monoprix.fr/images-v3/0c44253f-c4a3-4340-9d37-d41e42b9d14a/34945537-27f5-40d7-b7a9-e1c89fe4e194/300x300.jpg
Naturalia,b4cb87d6-5b26-479c-be67-ff539d78830c,MPX_2137631,[Par Naturalia] Grandeur Nature Mousse Au Chocolat Noir 100G Bio,2.57,25.7,"['Naturalia', 'Crèmerie', 'Yaourts et Desserts']",GRANDEUR NATURE,True,False,false,6.0,DAY,100g,['Produit bio'],https://courses.monoprix.fr/images-v3/0c44253f-c4a3-4340-9d37-d41e42b9d14a/ee7f76f9-ebaa-45fb-b9ab-0fdb65dafc2f/300x300.jpg
Naturalia,b103ae09-7ca3-4a36-b00c-117967e6e601,MPX_2380593,Naturalia Purée de Pommes Bio 705g,3.14,4.45,"['Naturalia', 'Epicerie sucrée', 'Compotes et Desserts']",NATURALIA,True,False,false,1.0,YEAR,705g,"['Produit équitable', 'Produit bio']",https://courses.monoprix.fr/images-v3/0c44253f-c4a3-4340-9d37-d41e42b9d14a/06f24d81-ac24-4440-a3e7-3ec93b3501ea/300x300.jpg
Naturalia,94381639-4ae7-4e7b-baaa-eee08fa2b3a9,MPX_3500802,[Par Naturalia] Bonneterre Lait Demi-Écrémé Bio,2.3,2.3,"['Naturalia', 'Crèmerie', 'Laits']",BONNETERRE,True,False,false,1.0,MONTH,1L,['Produit bio'],https://courses.monoprix.fr/images-v3/0c44253f-c4a3-4340-9d37-d41e42b9d14a/eb22d9e0-879b-43fc-a63e-77a195018ef8/300x300.jpg
Naturalia,66fbf541-a46e-4d99-9dda-68e7ae527100,MPX_2137540,[Par Naturalia] Tante Hélène Yaourt Bifidus Nature Bio 4x125g,2.3,4.6,"['Naturalia', 'Crèmerie', 'Yaourts et Desserts']",TANTE HELENE,True,False,false,1.0,WEEK,4 x 125g,['Produit bio'],https://courses.monoprix.fr/images-v3/0c44253f-c4a3-4340-9d37-d41e42b9d14a/e5bdba18-6986-4187-80a1-4ebf3928e810/300x300.jpg
Naturalia,ecab36fd-2ffc-4712-ae83-d3f89b7f6756,MPX_3317022,"Hipp Biologique Purée de Fruits 3 Variétés, Dès 12 Mois",10.9,11.35,"['Naturalia', 'Bébé', 'Alimentation Bébé']",HIPP,True,False,false,1.0,MONTH,960g,['Produit bio'],https://courses.monoprix.fr/images-v3/0c44253f-c4a3-4340-9d37-d41e42b9d14a/419fea57-2cba-4f4f-bf76-3e2a64813f1f/300x300.jpg
Naturalia,27778d60-901f-4d04-9add-da4d45376417,MPX_2625310,[Par Naturalia]  Babybio Crème Semoule Cacao Dès 8 Mois 4x85g,4.35,12.79,"['Bio', 'Bébé bio', 'Dessert aux Fruits et Lacté bio']",Babybio,True,False,false,2.0,MONTH,4 x 85g,['Produit bio'],https://courses.monoprix.fr/images-v3/0c44253f-c4a3-4340-9d37-d41e42b9d14a/0b97120b-41b0-4bdc-8cd8-c5d61ca2469b/300x300.jpg
Naturalia,5c8ae9d7-a0b7-49ad-b5a8-2b3c317d6b29,MPX_1168523,Babybio Petits Pots Banane Pomme d'Aquitaine Dès 4 Mois 2x130g,2.75,10.58,"['Naturalia', 'Bébé', 'Alimentation Bébé']",Babybio,True,False,false,6.0,MONTH,2 x 130g,['Produit bio'],https://courses.monoprix.fr/images-v3/0c44253f-c4a3-4340-9d37-d41e42b9d14a/f249634b-b8e4-4cee-9b29-f0ac2d4093a5/300x300.jpg
Naturalia,22da616b-4583-49e8-b751-30596c836ff6,MPX_809683,Babybio Petits Boudoirs à l'Huile Essentielle D'Orange Douce Dès 8/10M 120g,3.29,27.42,"['Naturalia', 'Bébé', 'Alimentation Bébé']",Babybio,True,False,false,6.0,MONTH,120g,['Produit bio'],https://courses.monoprix.fr/images-v3/0c44253f-c4a3-4340-9d37-d41e42b9d14a/0d10382c-7b1e-4872-8b77-45ffeb2b95fb/300x300.jpg
Naturalia,d2eeedd9-19e9-403e-ba6b-0fb9b473310e,MPX_2138030,"[Par Naturalia] Rosee De La Reine Pack Eau De Source 6X1,5L",5.94,0.66,"['Naturalia', 'Boissons', 'Eaux']",ROSEE DE LA REINE,True,False,false,1.0,MONTH,6 x 1.5L,[],https://courses.monoprix.fr/images-v3/0c44253f-c4a3-4340-9d37-d41e42b9d14a/3ca46eb5-2059-48fb-8a08-1064841e40dc/300x300.jpg
Naturalia,0a89d5d6-d645-4fd0-830d-fbe22476394b,MPX_1864591,Babybio Mouliné de Carotte des Landes & Quinoa 2x200g,3.79,9.48,"['Naturalia', 'Bébé', 'Alimentation Bébé']",Babybio,True,False,false,6.0,MONTH,400g,['Produit bio'],https://courses.monoprix.fr/images-v3/0c44253f-c4a3-4340-9d37-d41e42b9d14a/aa1c1d8f-6ccb-4ad0-8144-f2777031d792/300x300.jpg
Naturalia,12db4be2-5c30-4ab2-87c4-f8a1505176fd,MPX_3777201,Good Goût Gourde Mangue dès 4mois Bio 120g,1.73,14.42,"['Naturalia', 'Bébé', 'Alimentation Bébé']",Good Goût,True,False,false,2.0,MONTH,120g,['Produit bio'],https://courses.monoprix.fr/images-v3/0c44253f-c4a3-4340-9d37-d41e42b9d14a/7f1eb482-735b-484d-84f4-ce4a1a428210/300x300.jpg
Naturalia,ba28ad5c-0220-4709-a2f4-643e660837b7,MPX_1168515,Babybio Purée de Pomme et Vanille Bio dès 4mois 2x130g,2.75,10.58,"['Naturalia', 'Bébé', 'Alimentation Bébé']",Babybio,True,False,false,6.0,MONTH,2 x 130g,['Produit bio'],https://courses.monoprix.fr/images-v3/0c44253f-c4a3-4340-9d37-d41e42b9d14a/02033fc2-5f8e-49a7-ae80-36f54dd2fbd7/300x300.jpg
Naturalia,629ee59f-1bd8-4b7f-961b-6c472ccaea1b,MPX_2614409,[Par Naturalia] Good Goût Gourde Prunes 4M 120g Bio,2.0,16.67,"['Naturalia', 'Bébé', 'Alimentation Bébé']",Good Goût,True,False,false,2.0,MONTH,120g,"['Produit végétarien', 'Produit bio']",https://courses.monoprix.fr/images-v3/0c44253f-c4a3-4340-9d37-d41e42b9d14a/62a1df74-ac5e-43f8-afe4-291de49dd15b/300x300.jpg
Naturalia,63c5e7ef-a8f7-4407-899f-56cc757c0081,MPX_2864329,[Par Naturalia] Eurofood Jus De Citron Lemon Plus 200Ml Bio,1.14,5.7,"['Naturalia', 'Epicerie salée', 'Huiles, Vinaigres et Sauces salade']",EUROFOOD,True,False,false,2.0,MONTH,200ml,['Produit bio'],https://courses.monoprix.fr/images-v3/0c44253f-c4a3-4340-9d37-d41e42b9d14a/bb10c1ee-8c68-4db0-8482-b370eb09b356/300x300.jpg
Naturalia,7cb3445b-8ce8-4cd7-ac54-3702001b8d49,MPX_6685509,Naturalia Vinaigre d'Alcool 1L,1.98,1.98,"['Naturalia', ""Produits d'entretien"", 'Produits ménagers']",NATURALIA,True,False,false,,,1L,[],https://courses.monoprix.fr/images-v3/0c44253f-c4a3-4340-9d37-d41e42b9d14a/63bd05f1-fd31-442a-a194-a4bf664fbf4b/300x300.jpg
Naturalia,ced2895d-bcac-4d3c-9a05-9d6e9ceebc13,MPX_3622966,[Par Naturalia] Kerguillet Kefir Nature Bio 1L,2.93,2.93,"['Naturalia', 'Crèmerie', 'Laits']",Kerguillet,True,False,false,1.0,WEEK,1L,['Produit bio'],https://courses.monoprix.fr/images-v3/0c44253f-c4a3-4340-9d37-d41e42b9d14a/06609881-7f73-4118-81a3-4f5e712569dc/300x300.jpg
Naturalia,60778e91-f6a0-48f5-a404-32a4acfe377e,MPX_2700097,Naturalia Mozzarella Di Bufala Campana Bio 125G,3.14,25.12,"['Naturalia', 'Crèmerie', 'Fromages']",NATURALIA,True,False,false,1.0,WEEK,125g,['Produit bio'],https://courses.monoprix.fr/images-v3/0c44253f-c4a3-4340-9d37-d41e42b9d14a/ce7fce2e-3725-425c-aa33-a934d0a3d737/300x300.jpg
Naturalia,66bc3104-07b3-4204-82bc-00ed82d67678,MPX_3058613,[Par Naturalia] Karma Kombucha Grenade Boost Bio 1l,6.14,6.14,"['Naturalia', 'Boissons', 'Jus de fruits frais et Kombuchas']",Karma,True,False,false,2.0,MONTH,1L,"['Produit équitable', 'Produit bio']",https://courses.monoprix.fr/images-v3/0c44253f-c4a3-4340-9d37-d41e42b9d14a/3b947dbd-06ff-460c-b80c-5546ba281547/300x300.jpg
Naturalia,aad2e16a-510c-4b87-825a-6ee6bd890422,MPX_3292252,[Par Naturalia]  Good Goût Biscuits Bio Vanille Dès 10 Mois 80g,3.49,43.63,"['Naturalia', 'Bébé', 'Alimentation Bébé']",Good Goût,True,False,false,2.0,MONTH,80g,['Produit bio'],https://courses.monoprix.fr/images-v3/0c44253f-c4a3-4340-9d37-d41e42b9d14a/36bdb882-0909-4cb2-8445-6bc94c70ced1/300x300.jpg
Naturalia,e2d55a37-ce69-4e7b-b036-5981e2caa13c,MPX_3243643,[Par Naturalia] Biobleud Pâte Feuilletée Pur Beurre Bio 250g,3.62,14.48,"['Naturalia', 'Epicerie salée', 'Pâtes et Sauces']",BIOBLEUD,True,False,false,1.0,WEEK,250g,"['Produit végétarien', 'Produit bio']",https://courses.monoprix.fr/images-v3/0c44253f-c4a3-4340-9d37-d41e42b9d14a/60267f52-a337-4d0f-9c73-36dd001fa98c/300x300.jpg
Naturalia,8817bab8-f1f8-4465-bd5a-383d2acf5e77,MPX_2625610,Babybio Petits Pots Pomme Fraise dès 6 Mois 2x130g,2.89,11.12,"['Naturalia', 'Bébé', 'Alimentation Bébé']",Babybio,True,False,false,6.0,MONTH,2 x 130g,['Produit bio'],https://courses.monoprix.fr/images-v3/0c44253f-c4a3-4340-9d37-d41e42b9d14a/6370d1e8-da54-4d5e-8402-6fb9e8535dc8/300x300.jpg
Naturalia,1c5e47a4-d40b-4b72-9448-8340493266df,MPX_3777287,[Par Naturalia] Babybio Lait Croissance dès 10 mois Bio 6x25cl,6.49,4.33,"['Naturalia', 'Bébé', 'Laits infantiles']",Babybio,True,False,false,2.0,MONTH,1.5L,['Produit bio'],https://courses.monoprix.fr/images-v3/0c44253f-c4a3-4340-9d37-d41e42b9d14a/00d1a559-680d-437c-9bfd-5993f4677755/300x300.jpg
Naturalia,08d0e929-7fbc-4c02-b65f-71e4a61efaef,MPX_1168517,Babybio Pêche Pomme d'Aquitaine des 4 mois 2x130g,2.65,10.19,"['Naturalia', 'Bébé', 'Alimentation Bébé']",Babybio,True,False,false,6.0,MONTH,2 x 130g,['Produit bio'],https://courses.monoprix.fr/images-v3/0c44253f-c4a3-4340-9d37-d41e42b9d14a/53490182-6166-4e91-b1aa-569e1b5cd7b2/300x300.jpg
Naturalia,4c884c53-bc42-476e-b3a1-59908aa042a4,MPX_3292230,Naturalia Tofu Nature Bio 250G,2.5,10.0,"['Naturalia', 'Traiteur', 'Préparations végétales']",NATURALIA,True,False,false,1.0,WEEK,250g,['Produit bio'],https://courses.monoprix.fr/images-v3/0c44253f-c4a3-4340-9d37-d41e42b9d14a/d982bc9e-d03c-4ae5-90c3-aa738b9289f9/300x300.jpg
Naturalia,0db02e74-fc1f-4d5f-8a94-af92284baa6a,MPX_3659676,[Par Naturalia] Boisson So Soja ! nature 1L Bio,1.84,1.84,"['Naturalia', 'Boissons', 'Boissons végétales']",SOJADE,True,False,false,2.0,MONTH,1L,['Produit bio'],https://courses.monoprix.fr/images-v3/0c44253f-c4a3-4340-9d37-d41e42b9d14a/209d831c-ac26-4f25-9303-92221838b810/300x300.jpg
Naturalia,ac120644-3a1b-427a-903b-9a4c833b13fb,MPX_2121618,[Par Naturalia] Markal Flocons D'Avoine Gros 500G Bio,2.09,4.18,"['Naturalia', 'Epicerie sucrée', 'Sucres, Farines et Sons']",MARKAL,True,False,false,2.0,MONTH,500g,['Produit bio'],https://courses.monoprix.fr/images-v3/0c44253f-c4a3-4340-9d37-d41e42b9d14a/48998b81-61f6-4456-bde1-684248595a06/300x300.jpg
Naturalia,42964e49-edc3-4908-bfa1-c2cfe89bfdda,MPX_2875276,[Par Naturalia] Markal Graines de Chia Bio 500g,5.15,10.3,"['Naturalia', 'Epicerie salée', 'Condiments, Graines et Epices']",MARKAL,True,False,false,2.0,MONTH,500g,['Produit bio'],https://courses.monoprix.fr/images-v3/0c44253f-c4a3-4340-9d37-d41e42b9d14a/cc5b43aa-01e1-41e0-a4f4-75ca54900613/300x300.jpg
Naturalia,e9c0df6e-d549-4ae1-938c-6d4bb96fbd4d,MPX_3623158,"Panier de Fruits & Légumes 3,5 Kg",14.99,4.28,"['Naturalia', 'Fruits et Légumes', 'Fruits et Légumes']",NATURALIA,True,False,false,1.0,DAY,3.5kg,['Produit bio'],https://courses.monoprix.fr/images-v3/0c44253f-c4a3-4340-9d37-d41e42b9d14a/b388ec91-95cd-4ea6-952e-cfd027f1b8d6/300x300.jpg
Naturalia,19f8f6f5-172e-4b5b-8000-c1daefa714a1,MPX_1919159,[Par Naturalia] Le Pain Des Fleurs Tartines Craquantes À La Châtaigne Sans Gluten 150G Bio,4.46,29.73,"['Naturalia', 'Petit-déjeuner et Pains', 'Pains, Biscottes et Galettes']",LE PAIN DES FLEURS,True,False,false,6.0,MONTH,150g,"['Produit vegan', 'Produit bio']",https://courses.monoprix.fr/images-v3/0c44253f-c4a3-4340-9d37-d41e42b9d14a/d63f3f95-13bb-4ed9-832f-0ad0b1d9a45e/300x300.jpg
Naturalia,8cb5061b-25aa-442b-b0e9-c6e9af5ef10d,MPX_2924648,Hipp Biologique La Mamma Cannelloni aux Légumes 250g,3.59,14.36,"['Naturalia', 'Bébé', 'Alimentation Bébé']",Hipp Biologique,True,False,false,1.0,MONTH,250g,['Produit bio'],https://courses.monoprix.fr/images-v3/0c44253f-c4a3-4340-9d37-d41e42b9d14a/956de514-0166-4345-a2e9-f3c879339ed0/300x300.jpg
Naturalia,d7c691e9-85f7-486b-9cf7-ad0622deb469,MPX_1168516,[Par Naturalia] Babybio Petits Pots Poire de Provence Dès 4 Mois 2x130g,2.49,9.58,"['Naturalia', 'Bébé', 'Alimentation Bébé']",Babybio,True,False,false,6.0,MONTH,2 x 130g,['Produit bio'],https://courses.monoprix.fr/images-v3/0c44253f-c4a3-4340-9d37-d41e42b9d14a/c1682667-3be7-4c02-a081-d4bb5105a3c6/300x300.jpg
Naturalia,1dad88d2-8023-4212-ac16-ef0303edab90,MPX_1168522,Babybio Petits Pots Pomme d'Aquitaine Pruneau d'Agen 2x130g,2.85,10.96,"['Naturalia', 'Bébé', 'Alimentation Bébé']",Babybio,True,False,false,6.0,MONTH,2 x 130g,['Produit bio'],https://courses.monoprix.fr/images-v3/0c44253f-c4a3-4340-9d37-d41e42b9d14a/b18344d0-afe0-4ec2-9285-8def383d5f3d/300x300.jpg
Naturalia,71af212c-0514-4e40-b1c2-e21a6825b988,MPX_3576004,[Par Naturalia] Primeal Coquillette Demi-Complètes Cuisson Rapide Bio 500g,2.05,4.1,"['Naturalia', 'Epicerie salée', 'Pâtes et Sauces']",PRIMEAL,True,False,false,1.0,YEAR,500g,['Produit bio'],https://courses.monoprix.fr/images-v3/0c44253f-c4a3-4340-9d37-d41e42b9d14a/6736271f-45d4-4551-b8ad-30420a012d36/300x300.jpg
Naturalia,d6775371-dbc2-4176-98f3-c2d2ece53ac7,MPX_809678,[Par Naturalia]  Babybio Céréales Vanille avec Quinoa 220g,5.45,24.77,"['Naturalia', 'Bébé', 'Alimentation Bébé']",Babybio,True,False,false,6.0,MONTH,220g,['Produit bio'],https://courses.monoprix.fr/images-v3/0c44253f-c4a3-4340-9d37-d41e42b9d14a/858250bd-ff0d-43d8-9523-3e0270c92cec/300x300.jpg
Naturalia,21e16da7-1a73-47fd-b5f2-4003a257d5e8,MPX_3306105,Babybio Dessert Pomme d'Aquitaine Châtaigne d'Ardèche Dès 6 mois 2x130g,2.99,11.5,"['Naturalia', 'Bébé', 'Alimentation Bébé']",Babybio,True,False,false,6.0,MONTH,2 x 130g,['Produit bio'],https://courses.monoprix.fr/images-v3/0c44253f-c4a3-4340-9d37-d41e42b9d14a/8e59e71a-1fbf-4695-818b-292f0e50fa2a/300x300.jpg
Naturalia,514d568d-5da7-4205-97de-9ac778e509af,MPX_2292932,[Par Naturalia] Primeal Spirales Demi-Complètes Bio 500g,1.56,3.12,"['Naturalia', 'Epicerie salée', 'Pâtes et Sauces']",PRIMEAL,True,False,false,1.0,YEAR,500g,['Produit bio'],https://courses.monoprix.fr/images-v3/0c44253f-c4a3-4340-9d37-d41e42b9d14a/81786caf-cc63-44b4-a912-cf830e8edc3f/300x300.jpg
Naturalia,e1d824df-a9de-480d-ba3a-46d7ca5f5c17,MPX_2137521,[Par Naturalia] Sojade So Soja ! Nature Bio 400g,1.5,3.75,"['Naturalia', 'Crèmerie', 'Yaourts et Desserts']",SOJADE,True,False,false,1.0,WEEK,400g,"['Produit vegan', 'Produit bio']",https://courses.monoprix.fr/images-v3/0c44253f-c4a3-4340-9d37-d41e42b9d14a/32fe75ed-aef2-4ebf-8369-c3978f96031c/300x300.jpg
Naturalia,ea54e1c2-f532-4e15-a1e4-63f9d50d3a6b,MPX_2121556,[Par Naturalia] Luce Petits Haricots Blancs Bio 400g,2.05,5.13,"['Naturalia', 'Epicerie salée', 'Conserves']",LUCE,True,False,false,6.0,MONTH,400g,['Produit bio'],https://courses.monoprix.fr/images-v3/0c44253f-c4a3-4340-9d37-d41e42b9d14a/ea4054ca-c249-43ee-b7cd-c268dc992c5d/300x300.jpg
Naturalia,fc4625f2-ff0c-4224-a9a9-8a52de75f3f4,MPX_2121565,Naturalia Farine de Blé T65 Bio 1kg,2.47,2.47,"['Naturalia', 'Epicerie sucrée', 'Sucres, Farines et Sons']",NATURALIA,True,False,false,2.0,MONTH,1kg,['Produit bio'],https://courses.monoprix.fr/images-v3/0c44253f-c4a3-4340-9d37-d41e42b9d14a/89b7341f-e2b5-4feb-bdac-2daeeeaec53c/300x300.jpg
Naturalia,e7c8196b-67de-40e3-9997-9768b4f01736,MPX_2836904,[Par Naturalia] Lait Plaisirs Lait Demi-Écrémé Sans Lactose 1L Bio,3.14,3.14,"['Naturalia', 'Crèmerie', 'Laits']",LAIT PLAISIRS,True,False,false,1.0,MONTH,1L,['Produit bio'],https://courses.monoprix.fr/images-v3/0c44253f-c4a3-4340-9d37-d41e42b9d14a/15c996c5-7511-418b-a8a8-78fe53d2fa1a/300x300.jpg
Naturalia,1f2d51f4-b3da-47b5-bb17-8b0daebf8484,MPX_1864588,Babybio Maïs doux & Poulet fermier du Poitou 2x200g,3.79,9.48,"['Naturalia', 'Bébé', 'Alimentation Bébé']",Babybio,True,False,false,6.0,MONTH,2 x 200g,['Produit bio'],https://courses.monoprix.fr/images-v3/0c44253f-c4a3-4340-9d37-d41e42b9d14a/73f8a427-cc22-47c7-92c2-31cf111a7175/300x300.jpg
Naturalia,c6143cc9-bc5c-430f-9802-1dfbeee92335,MPX_2204457,Naturalia Crème Fraiche Épaisse Bio 20Cl,1.59,7.95,"['Naturalia', 'Crèmerie', 'Beurres et Crèmes']",NATURALIA,True,False,false,1.0,WEEK,20cl,['Produit bio'],https://courses.monoprix.fr/images-v3/0c44253f-c4a3-4340-9d37-d41e42b9d14a/6cddc74f-72c4-4791-9c38-082c2da4288a/300x300.jpg
Naturalia,de0ac4fc-e293-4c9c-8e96-f29ddc3869fc,MPX_3172028,Babybio purée de mirabelle & pomme Bio 4M le pack de 2x130g,2.99,11.5,"['Naturalia', 'Bébé', 'Alimentation Bébé']",Babybio,True,False,false,6.0,MONTH,2 x 130g,['Produit bio'],https://courses.monoprix.fr/images-v3/0c44253f-c4a3-4340-9d37-d41e42b9d14a/e31692dd-c10f-4700-996b-e43e178420c7/300x300.jpg
Naturalia,3555b7e1-1065-40c0-995c-a803f37cc0d6,MPX_2138373,[Par Naturalia] Taifun Tofu Rosso Bio 200g,3.35,16.75,"['Naturalia', 'Traiteur', 'Préparations végétales']",TAIFUN,True,False,false,1.0,WEEK,200g,"['Produit vegan', 'Produit bio']",https://courses.monoprix.fr/images-v3/0c44253f-c4a3-4340-9d37-d41e42b9d14a/26721bef-436e-4926-be9c-95a3b10a3518/300x300.jpg
Naturalia,c2bc495a-92bf-4404-8e39-5dc899c182c7,MPX_3404245,[Par Naturalia] Bioreal Bioréal Levure Fraîche En Cube Bio 42g,1.1,26.19,"['Naturalia', 'Epicerie sucrée', 'Aide à la Pâtisserie']",BIOREAL,True,False,false,1.0,WEEK,42g,['Produit bio'],https://courses.monoprix.fr/images-v3/0c44253f-c4a3-4340-9d37-d41e42b9d14a/a6eef8bb-297e-4feb-82bc-736e66a2a446/300x300.jpg
Naturalia,a9966925-ebff-4453-8d3f-0ba92c8b23a1,MPX_3058364,[Par Naturalia] Luce Passata Bio 500g,1.84,3.68,"['Naturalia', 'Epicerie salée', 'Pâtes et Sauces']",LUCE,True,False,false,6.0,MONTH,500g,['Produit bio'],https://courses.monoprix.fr/images-v3/0c44253f-c4a3-4340-9d37-d41e42b9d14a/9716e1bd-0112-4aa3-8c23-13e6307f9289/300x300.jpg
Naturalia,eaa78526-4f28-485e-9449-9273f116efac,MPX_3822686,Good Goût Les Animaux Tout Bio Citron Dès 10 Mois 80g,4.45,55.63,"['Naturalia', 'Bébé', 'Alimentation Bébé']",Good Goût,True,False,false,2.0,MONTH,80g,['Produit bio'],https://courses.monoprix.fr/images-v3/0c44253f-c4a3-4340-9d37-d41e42b9d14a/fb6070d1-cfb7-4ae8-acad-05942047ca72/300x300.jpg
Naturalia,1ae95654-e69c-4d31-b03f-8d4857640641,MPX_2121552,[Par Naturalia] Markal Graines de Tournesol Décortiquées Bio 500g,3.05,6.1,"['Naturalia', 'Epicerie salée', 'Condiments, Graines et Epices']",MARKAL,True,False,false,2.0,MONTH,500g,['Produit bio'],https://courses.monoprix.fr/images-v3/0c44253f-c4a3-4340-9d37-d41e42b9d14a/1c60a7d6-b4f5-47e4-8a0d-f3bfae7fc68c/300x300.jpg
Naturalia,d4bb801f-57a8-43a6-a2b3-7e2fb83c23c6,MPX_2924659,"Hipp Biologique Purées de Fruits 4 Variétés, Dès 4/6 Mois",9.99,13.88,"['Naturalia', 'Bébé', 'Alimentation Bébé']",Hipp,True,False,false,2.0,MONTH,720g,['Produit bio'],https://courses.monoprix.fr/images-v3/0c44253f-c4a3-4340-9d37-d41e42b9d14a/0998d151-62e1-44e5-a1c0-d2d8ed74e1cb/300x300.jpg
Naturalia,16071121-9398-4734-9385-783af7ee101d,MPX_2121549,[Par Naturalia] Markal Graines de Lin Brun Bio 250g,2.47,9.88,"['Naturalia', 'Epicerie salée', 'Condiments, Graines et Epices']",MARKAL,True,False,false,2.0,MONTH,250g,['Produit bio'],https://courses.monoprix.fr/images-v3/0c44253f-c4a3-4340-9d37-d41e42b9d14a/f4264fb2-c1e6-4b8c-8850-ff91404c6930/300x300.jpg
Naturalia,96f83b51-d8cf-406e-b4ef-eabc066f0519,MPX_3635418,[Par Naturalia] Bio Organica Nuova Tomates Séchées à l'Huile Bio 190g,4.78,25.16,"['Naturalia', 'Epicerie salée', 'Conserves']",BIO ORGANICA NUOVA,True,False,false,1.0,YEAR,190g,['Produit bio'],https://courses.monoprix.fr/images-v3/0c44253f-c4a3-4340-9d37-d41e42b9d14a/50feda36-13d8-4444-9726-37aeb699bed3/300x300.jpg
Naturalia,0bdf11b9-4008-4abf-a03e-a6d3319970ac,MPX_2787228,Naturalia Beurre Baratte Demi-Sel Bio 250g,3.24,12.96,"['Naturalia', 'Crèmerie', 'Beurres et Crèmes']",NATURALIA,True,False,false,3.0,WEEK,250g,['Produit bio'],https://courses.monoprix.fr/images-v3/0c44253f-c4a3-4340-9d37-d41e42b9d14a/1dd48e69-2979-4377-8994-95b9a6871322/300x300.jpg
Naturalia,a24f7fef-5500-4724-be73-d84b546e5c69,MPX_3810370,[Par Naturalia] Good Goût Biscuits Tout Ronds Cacao dÞs 10 mois Bio 80g,4.36,54.5,"['Naturalia', 'Bébé', 'Alimentation Bébé']",Good Goût,True,False,false,2.0,MONTH,80g,['Produit bio'],https://courses.monoprix.fr/images-v3/0c44253f-c4a3-4340-9d37-d41e42b9d14a/cc5d7341-1cb8-487b-aad6-3fe047953836/300x300.jpg
Naturalia,1915ba3d-bad2-4d59-a72c-31a502eafd21,MPX_3318323,"[Par Naturalia] Babybio Pot Panais, Haricots Verts & Riz 8M 2x200g Bio",4.52,11.3,"['Naturalia', 'Bébé', 'Alimentation Bébé']",Babybio,True,False,false,6.0,MONTH,2 x 200g,['Produit bio'],https://courses.monoprix.fr/images-v3/0c44253f-c4a3-4340-9d37-d41e42b9d14a/285552e8-8bda-4d62-99e5-a765d8d9279e/300x300.jpg
Naturalia,353bf6d6-06ae-4ab0-8098-a35e48c98cfe,MPX_3537259,[Par Naturalia] Babybio Assiette Légumes Verts et Riz 12M 230g Bio,2.39,10.39,"['Naturalia', 'Bébé', 'Alimentation Bébé']",Babybio,True,False,false,2.0,MONTH,230g,['Produit bio'],https://courses.monoprix.fr/images-v3/0c44253f-c4a3-4340-9d37-d41e42b9d14a/798b659b-d56e-4c1e-ab65-cda57f96e541/300x300.jpg
Naturalia,1cf3d938-1a96-417d-a7ab-8f3aaaa6e0ae,MPX_3939086,Babybio Petit pot carotte pruneau bœuf 2 x 200g,3.29,8.23,"['Naturalia', 'Bébé', 'Alimentation Bébé']",Babybio,True,False,false,6.0,MONTH,2 x 200g,['Produit bio'],https://courses.monoprix.fr/images-v3/0c44253f-c4a3-4340-9d37-d41e42b9d14a/1ef974f7-f819-4419-a8fe-a8510363d63b/300x300.jpg
Naturalia,d6937c9f-2a44-4a8b-9fa4-8fb2c7ba1246,MPX_3306350,"[Par Naturalia]  Babybio Brassé Nature Sucré, Dès 6 Mois, 4 x 85g",5.19,15.26,"['Naturalia', 'Bébé', 'Alimentation Bébé']",Babybio,True,False,false,2.0,MONTH,4 x 85g,['Produit bio'],https://courses.monoprix.fr/images-v3/0c44253f-c4a3-4340-9d37-d41e42b9d14a/0286fdd4-a6e2-445e-b696-25f24eb3097e/300x300.jpg
Naturalia,2ddc23d8-adfe-4cd5-93f9-984837342294,MPX_2221970,[Par Naturalia] Babybio Gourde Bébé Pommes Fraises Vanille 6M 4X90gBio,4.15,11.53,"['Naturalia', 'Bébé', 'Alimentation Bébé']",Babybio,True,False,false,2.0,MONTH,4 x 90g,['Produit bio'],https://courses.monoprix.fr/images-v3/0c44253f-c4a3-4340-9d37-d41e42b9d14a/0124d09e-80d7-4448-888e-c53ef55f884e/300x300.jpg
Naturalia,574d2555-4810-4618-8dce-d3eae9d69067,MPX_3623160,Panier De Fruits 2kg,9.99,5.0,"['Naturalia', 'Fruits et Légumes', 'Fruits et Légumes']",NATURALIA,True,False,false,1.0,DAY,2kg,['Produit bio'],https://courses.monoprix.fr/images-v3/0c44253f-c4a3-4340-9d37-d41e42b9d14a/62e1feb1-bda9-4d6f-9057-5a9d9ee14094/300x300.jpg
Naturalia,8082350f-f991-4596-ba63-828f3c8f3cf0,MPX_2122891,[Par Naturalia]  Good Goût Ratatouille au quinoa bio Dès 6 mois 190g,3.69,19.42,"['Naturalia', 'Bébé', 'Alimentation Bébé']",Good Goût,True,False,false,2.0,MONTH,190g,['Produit bio'],https://courses.monoprix.fr/images-v3/0c44253f-c4a3-4340-9d37-d41e42b9d14a/02b722ad-785a-4274-b9ea-c793b9b81be0/300x300.jpg
Naturalia,1666bc7d-fbc6-4a68-b8d3-ee09be524427,MPX_2414184,[Par Naturalia] La Bergerie Fromage Blanc Au Lait De Brebis 400G Bio,3.1,7.75,"['Naturalia', 'Crèmerie', 'Yaourts et Desserts']",LA BERGERIE,True,False,false,1.0,WEEK,400g,['Produit bio'],https://courses.monoprix.fr/images-v3/0c44253f-c4a3-4340-9d37-d41e42b9d14a/2dde4175-170c-4c28-8226-2aa9f30da460/300x300.jpg
Naturalia,676b7fc0-b48f-44a1-bf2c-2e3edcb62412,MPX_3939053,Babybio Petit Pot Délice de Fruits Compotes pour bébé dès 6 mois 2 x 130g,1.99,7.65,"['Naturalia', 'Bébé', 'Alimentation Bébé']",Babybio,True,False,false,6.0,MONTH,2 x 130g,['Produit bio'],https://courses.monoprix.fr/images-v3/0c44253f-c4a3-4340-9d37-d41e42b9d14a/397c9b94-b539-41af-a968-f9fd521b6304/300x300.jpg
Naturalia,7b1a9af8-d773-41c0-9fa5-c641ffa8cad2,MPX_1168513,Babybio Petits Pots Jardinière de Légumes Dès 4 Mois 2x130g,2.89,11.12,"['Naturalia', 'Bébé', 'Alimentation Bébé']",Babybio,True,False,false,6.0,MONTH,2 x 130g,['Produit bio'],https://courses.monoprix.fr/images-v3/0c44253f-c4a3-4340-9d37-d41e42b9d14a/1b1042b7-80bc-435a-8174-b1fb006c5253/300x300.jpg
Naturalia,94883101-3588-4faf-9333-d80f724bf3f2,MPX_2335484,[Par Naturalia] Bien Pain de Mie Complet Bio 500g,3.14,6.28,"['Naturalia', 'Petit-déjeuner et Pains', 'Pains, Biscottes et Galettes']",Bien,True,False,false,5.0,DAY,500g,['Produit bio'],https://courses.monoprix.fr/images-v3/0c44253f-c4a3-4340-9d37-d41e42b9d14a/49edd88b-0d1b-4cc9-9ffd-a8f925830a52/300x300.jpg
Naturalia,683da148-bd0b-4bad-be95-27d1c3109e25,MPX_1524530,[Par Naturalia] Le Pain Des Fleurs Tartines Craquantes Au Sarrasin Sans Gluten 150G Bio,3.14,20.93,"['Naturalia', 'Petit-déjeuner et Pains', 'Pains, Biscottes et Galettes']",Le Pain Des Fleurs,True,False,false,2.0,MONTH,150g,"['Produit vegan', 'Produit bio']",https://courses.monoprix.fr/images-v3/0c44253f-c4a3-4340-9d37-d41e42b9d14a/bac6bd98-dde4-4aae-a91c-57a049283270/300x300.jpg
Naturalia,2bde1230-b90f-428e-b87a-a07c23d5a430,MPX_3939058,BabyBio Navarin de Petits Légumes & Agneau dès 12M 230g,2.65,11.52,"['Naturalia', 'Bébé', 'Alimentation Bébé']",Babybio,True,False,false,2.0,MONTH,230g,['Produit bio'],https://courses.monoprix.fr/images-v3/0c44253f-c4a3-4340-9d37-d41e42b9d14a/7d0e8b8e-6fae-451f-8a0a-53c7e9b9e19f/300x300.jpg
Naturalia,4ad33d7a-5d14-4f1e-a2ca-b5731c8a58e2,MPX_2975764,[Par Naturalia] Favrichon Muesli Choco Sans Gluten 500G Bio,5.76,11.52,"['Naturalia', 'Petit-déjeuner et Pains', 'Céréales, Mueslis et Granolas']",FAVRICHON,True,False,false,2.0,MONTH,500g,['Produit bio'],https://courses.monoprix.fr/images-v3/0c44253f-c4a3-4340-9d37-d41e42b9d14a/1ecd0adc-9a31-4dba-b7e7-920540c48aaa/300x300.jpg
Naturalia,1825dfa8-1503-49ca-8159-3e38199d42eb,MPX_2877145,[Par Naturalia] The Bridge Boisson à l'avoine sans Gluten Bio 1L,3.2,3.2,"['Naturalia', 'Crèmerie', 'Boissons végétales']",The bridge,True,False,false,1.0,MONTH,1L,['Produit bio'],https://courses.monoprix.fr/images-v3/0c44253f-c4a3-4340-9d37-d41e42b9d14a/9a1d4c84-8273-4e0a-803a-f6308993820c/300x300.jpg
Naturalia,7efbfe6a-dfb9-48da-bedf-a10f9196bf72,MPX_1652114,Babybio Petits Pots Légumes Verts 2x130g,2.75,10.58,"['Naturalia', 'Bébé', 'Alimentation Bébé']",Babybio,True,False,false,6.0,MONTH,2 x 130g,['Produit bio'],https://courses.monoprix.fr/images-v3/0c44253f-c4a3-4340-9d37-d41e42b9d14a/46dcd9f3-f0fd-4c31-b6ca-84be5b37b31d/300x300.jpg
Naturalia,275ceaa0-bbf4-4a6d-bc1e-42a5339821ac,MPX_2046295,[Par Naturalia] Jade Bière blonde bio 6 x 25cl,7.69,5.13,"['Bio', 'Boisson et Cave bio', 'Cave bio']",Jade,True,False,false,1.0,MONTH,6 x 25cl,['Produit bio'],https://courses.monoprix.fr/images-v3/0c44253f-c4a3-4340-9d37-d41e42b9d14a/0a32624a-a7e8-4058-932a-e65be26427b3/300x300.jpg
Naturalia,21d4ce05-d6ba-4282-8640-fad3630814f1,MPX_2665416,[Par Naturalia]  Zuger Mozzarella Sans Lactose Bio 100g,1.98,19.8,"['Naturalia', 'Crèmerie', 'Fromages']",ZUGER,True,False,false,6.0,DAY,100g,['Produit bio'],https://courses.monoprix.fr/images-v3/0c44253f-c4a3-4340-9d37-d41e42b9d14a/950edd0d-749a-4667-b99d-52393175dc37/300x300.jpg
Naturalia,4fbd6e7f-6033-4b88-8628-a40330fa34d0,MPX_2122912,[Par Naturalia] La Droguerie Ecologique Bicarbonate De Soude 1 Kg,4.73,4.73,"['Naturalia', ""Produits d'entretien"", 'Produits ménagers']",LA DROGUERIE ECOLOGI,True,False,false,,,1kg,[],https://courses.monoprix.fr/images-v3/0c44253f-c4a3-4340-9d37-d41e42b9d14a/be8cb2da-bf57-45c7-8f16-299095911742/300x300.jpg
Naturalia,4b854816-cb38-4ffd-84e6-4e57b9cdcccf,MPX_1786922,"[Par Naturalia]  Babybio Fondue de carotte, maïs et quinoa, dès 12 mois, Bio 230g",2.55,11.09,"['Naturalia', 'Bébé', 'Alimentation Bébé']",Babybio,True,False,false,6.0,MONTH,230g,"['Produit végétarien', 'Produit bio']",https://courses.monoprix.fr/images-v3/0c44253f-c4a3-4340-9d37-d41e42b9d14a/78534d38-2fec-46e9-9df5-92f2c72e4d09/300x300.jpg
Naturalia,197dc4e1-64b3-450a-b574-60e3192036ba,MPX_2337858,Naturalia Crêpes de Froment Bio 6 X 40G,3.56,14.83,"['Naturalia', 'Traiteur', 'Tartes, Galettes et Plats cuisinés']",NATURALIA,True,False,false,6.0,DAY,240g,['Produit bio'],https://courses.monoprix.fr/images-v3/0c44253f-c4a3-4340-9d37-d41e42b9d14a/7765faea-c514-4d01-9d16-d25a12461d41/300x300.jpg
Naturalia,73c503af-e48c-461b-8348-6a3976a368a9,MPX_2122162,[Par Naturalia] Tante Hélène Beurre de Baratte Doux Bio 250g,3.14,12.56,"['Naturalia', 'Crèmerie', 'Beurres et Crèmes']",TANTE HELENE,True,False,false,2.0,WEEK,250g,['Produit bio'],https://courses.monoprix.fr/images-v3/0c44253f-c4a3-4340-9d37-d41e42b9d14a/6cf84513-8c51-4164-9baf-085b18d536df/300x300.jpg
Naturalia,85564e77-fd89-4829-b8e1-45d72c6685a3,MPX_2988825,Naturalia Ratatouille Bio 345g,2.89,8.38,"['Naturalia', 'Epicerie salée', 'Conserves']",NATURALIA,True,False,false,1.0,YEAR,345g,['Produit bio'],https://courses.monoprix.fr/images-v3/0c44253f-c4a3-4340-9d37-d41e42b9d14a/4382495f-b7bd-48ea-8905-6d59a73bcc87/300x300.jpg
Naturalia,5c4aa0e2-c0ba-4989-ae32-a2f736625093,MPX_2351731,[Par Naturalia] Tradi-Bergere Yaourt Au Lait De Brebis Nature 400G Bio,3.56,8.9,"['Naturalia', 'Crèmerie', 'Yaourts et Desserts']",TRADI-BERGERE,True,False,false,1.0,WEEK,400g,['Produit bio'],https://courses.monoprix.fr/images-v3/0c44253f-c4a3-4340-9d37-d41e42b9d14a/9301e9ca-6510-4a76-9def-e9432ef3d5fb/300x300.jpg
Naturalia,2a957672-4a15-414d-8ba9-317ac57ec096,MPX_2122371,[Par Naturalia] Coteaux Nantais Jus De Pommes 75Cl Demeter Bio,3.66,4.88,"['Naturalia', 'Boissons', 'Jus de fruits et de légumes']",Côteaux Nantais,True,False,false,1.0,MONTH,75cl,"['Produit végétarien', 'Produit bio']",https://courses.monoprix.fr/images-v3/0c44253f-c4a3-4340-9d37-d41e42b9d14a/e05e7581-bc17-4568-94a0-158a9ea943cd/300x300.jpg
Naturalia,31052213-3862-4ae4-97a3-1be928df8686,MPX_2309508,[Par Naturalia] Ecodis Percarbonate Soude 1Kg,6.56,6.56,"['Naturalia', ""Produits d'entretien"", 'Produits ménagers']",ECODIS,True,False,false,,,,[],https://courses.monoprix.fr/images-v3/0c44253f-c4a3-4340-9d37-d41e42b9d14a/f8a1a7a7-3f65-4a5e-895a-80c7677e2c5b/300x300.jpg
Naturalia,d529ca2f-d97d-406d-8886-928140430ae3,MPX_2787230,Naturalia Yaourt Brebis Nature Bio 2x125g,1.98,7.92,"['Naturalia', 'Crèmerie', 'Yaourts et Desserts']",NATURALIA,True,False,false,1.0,WEEK,2 x 125g,['Produit bio'],https://courses.monoprix.fr/images-v3/0c44253f-c4a3-4340-9d37-d41e42b9d14a/d5098b4e-0fa7-4ee6-acf9-866ea32371cd/300x300.jpg
Naturalia,b7c46b6b-9df3-462b-a670-2d71aabfe04f,MPX_3330696,[Par Naturalia] Naturalia Emmental Râpé 100G Bio,2.09,20.9,"['Naturalia', 'Crèmerie', 'Fromages']",NATURALIA,True,False,false,3.0,WEEK,100g,['Produit bio'],https://courses.monoprix.fr/images-v3/0c44253f-c4a3-4340-9d37-d41e42b9d14a/935af201-31d9-4387-a9a0-b4e6f40ec45b/300x300.jpg
Naturalia,e3ac0e6b-f778-4856-a676-2bf223014254,MPX_1469666,[Par Naturalia] Ecover Gel Nettoyant Wc Senteur Pin 75Cl,4.19,5.59,"['Naturalia', ""Produits d'entretien"", 'Produits ménagers']",ECOVER,True,False,false,,,750ml,[],https://courses.monoprix.fr/images-v3/0c44253f-c4a3-4340-9d37-d41e42b9d14a/be0bbbb8-a124-433b-bbb5-1eb00692c0fb/300x300.jpg
Naturalia,544f29d3-d34d-4f6f-a0f0-1859629b3b46,MPX_2122386,[Par Naturalia] Coteaux Nantais Purée Pommes Demeter Sans Sucres Format Family 915G Bio,5.24,5.73,"['Naturalia', 'Epicerie sucrée', 'Compotes et Desserts']",Côteaux Nantais,True,False,false,1.0,YEAR,915g,"['Produit végétarien', 'Produit bio']",https://courses.monoprix.fr/images-v3/0c44253f-c4a3-4340-9d37-d41e42b9d14a/11538329-db71-4fd8-9de3-f699369e9919/300x300.jpg
Naturalia,206d68f8-5d6e-491a-b41c-45cf43df0e61,MPX_3537260,[Par Naturalia] Babybio Assiette Pomme de Terre Haricots et Dinde Bio dès 12 mois 230g,2.59,11.26,"['Naturalia', 'Bébé', 'Alimentation Bébé']",Babybio,True,False,false,2.0,MONTH,230g,['Produit bio'],https://courses.monoprix.fr/images-v3/0c44253f-c4a3-4340-9d37-d41e42b9d14a/6721d759-00b9-45d4-bc68-0c4d83dc79f7/300x300.jpg
Naturalia,a2e60850-c4a3-40f1-946a-9da11451163c,MPX_2787229,Naturalia Beurre de Baratte Doux Bio 250g,3.24,12.96,"['Naturalia', 'Crèmerie', 'Beurres et Crèmes']",NATURALIA,True,False,false,3.0,WEEK,250g,['Produit bio'],https://courses.monoprix.fr/images-v3/0c44253f-c4a3-4340-9d37-d41e42b9d14a/35710703-7de3-49ec-8678-a3fc09503b6a/300x300.jpg
Naturalia,d56c8aff-0d28-4633-94fa-12c894607c90,MPX_3538887,Naturalia Parmigiano Reggiano Râpé Bio 50g,2.09,41.8,"['Naturalia', 'Crèmerie', 'Fromages']",NATURALIA,True,False,false,1.0,MONTH,50g,['Produit bio'],https://courses.monoprix.fr/images-v3/0c44253f-c4a3-4340-9d37-d41e42b9d14a/281b1077-18df-48f6-b86a-cd8f98bc932a/300x300.jpg
Naturalia,14151c8f-9ddf-4ada-a1ce-8e7be4491d69,MPX_2137426,[Par Naturalia] Gaborit Oeufs au Lait Tradition Bio 2 x 125g,2.68,10.72,"['Naturalia', 'Crèmerie', 'Yaourts et Desserts']",GABORIT,True,False,false,1.0,WEEK,250g,['Produit bio'],https://courses.monoprix.fr/images-v3/0c44253f-c4a3-4340-9d37-d41e42b9d14a/bee31cf9-376d-4f81-b3e9-4e55c1d10fee/300x300.jpg
Naturalia,16ede670-40b3-4c07-9b56-76cee9720189,MPX_2121152,[Par Naturalia] Primeal Riz Long Blanc De Camargue 1Kg Bio,5.76,5.76,"['Naturalia', 'Epicerie salée', 'Riz, Céréales et Légumineuses']",PRIMEAL,True,False,false,6.0,MONTH,1kg,['Produit bio'],https://courses.monoprix.fr/images-v3/0c44253f-c4a3-4340-9d37-d41e42b9d14a/eef06abf-f6d2-47a1-94e9-b9d969cba18e/300x300.jpg
Naturalia,463a4369-bdc5-4659-b33f-a5ed26abb763,MPX_3623157,Panier de Légumes 2 kg,9.99,5.0,"['Naturalia', 'Fruits et Légumes', 'Fruits et Légumes']",NATURALIA,True,False,false,1.0,DAY,2kg,['Produit bio'],https://courses.monoprix.fr/images-v3/0c44253f-c4a3-4340-9d37-d41e42b9d14a/319f3a46-fe5d-4e0b-97d7-cbd07d31eb75/300x300.jpg
Naturalia,b1adbb9a-dc09-4e3f-acad-9d8e6ad4d24d,MPX_3330335,[Par Naturalia] Gaborit Kéfir Nature 2X125Ml Bio,2.09,8.36,"['Naturalia', 'Crèmerie', 'Yaourts et Desserts']",GABORIT,True,False,false,1.0,WEEK,250ml,['Produit bio'],https://courses.monoprix.fr/images-v3/0c44253f-c4a3-4340-9d37-d41e42b9d14a/6e2fb2a7-14fa-4fa7-8061-1990917455c4/300x300.jpg
Naturalia,3828b498-bee8-4c85-83a4-2a7d52cba798,MPX_2367745,[Par Naturalia] Prosain Sauce Tomate Basilic 200G Bio,2.47,12.35,"['Naturalia', 'Epicerie salée', 'Pâtes et Sauces']",PROSAIN,True,False,false,1.0,YEAR,200g,['Produit bio'],https://courses.monoprix.fr/images-v3/0c44253f-c4a3-4340-9d37-d41e42b9d14a/54935740-7595-40a2-ab2c-1bfe39695185/300x300.jpg
Naturalia,11650209-ff52-43a1-a974-5e0a396ee98f,MPX_1168520,Babybio Pot Bébé Pomme et Myrtille 4M Bio 2x130g,2.85,10.96,"['Naturalia', 'Bébé', 'Alimentation Bébé']",Babybio,True,False,false,6.0,MONTH,2 x 130g,['Produit bio'],https://courses.monoprix.fr/images-v3/0c44253f-c4a3-4340-9d37-d41e42b9d14a/653211f0-8728-4bf1-bbc5-e89d0d061daa/300x300.jpg
Naturalia,307999f3-123b-4bec-b3b6-2dc19fd66b04,MPX_3939088,Babybio Compote Banane fraise Menthe dès 6 mois 2 x 130g,2.85,10.96,"['Naturalia', 'Bébé', 'Alimentation Bébé']",Babybio,True,False,false,6.0,MONTH,2 x 130g,['Produit bio'],https://courses.monoprix.fr/images-v3/0c44253f-c4a3-4340-9d37-d41e42b9d14a/10da603c-b101-4ec8-973e-1276fd8acc6f/300x300.jpg
Naturalia,06373537-128f-4209-9bb1-2d92f073221c,MPX_2152654,Naturalia Tomates Pelées Bio 660g,3.14,4.76,"['Naturalia', 'Epicerie salée', 'Conserves']",NATURALIA,True,False,false,1.0,YEAR,660g,['Produit bio'],https://courses.monoprix.fr/images-v3/0c44253f-c4a3-4340-9d37-d41e42b9d14a/494acb3e-5113-4f41-9707-e5fa955acc9f/300x300.jpg
Naturalia,288529ce-5f3e-4cd4-b966-fd3e333dfd05,MPX_6666128,Naturalia Lentilles Corail 750g,4.36,5.81,"['Naturalia', 'Epicerie salée', 'Riz, Céréales et Légumineuses']",NATURALIA,True,False,false,6.0,MONTH,750g,[],https://courses.monoprix.fr/images-v3/0c44253f-c4a3-4340-9d37-d41e42b9d14a/3aa8808d-4200-4390-a197-fb05332dc678/300x300.jpg
Naturalia,371b5c15-0100-407b-addb-61fb7f205d3b,MPX_3537027,[Par Naturalia]  Babybio Dessert Brassé Bio Coco Kiwi d'Aquitaine & Banane Dès 6 mois 4x85g,5.55,16.32,"['Naturalia', 'Bébé', 'Alimentation Bébé']",Babybio,True,False,false,2.0,MONTH,4 x 85g,['Produit bio'],https://courses.monoprix.fr/images-v3/0c44253f-c4a3-4340-9d37-d41e42b9d14a/193cb946-0a14-455b-a126-7f381d0307f2/300x300.jpg
Naturalia,8fcec6a1-a11b-498f-9c65-f4c00701c298,MPX_2123528,Naturalia Noisettes Bio 400g,10.07,25.18,"['Naturalia', 'Epicerie sucrée', 'Fruits secs']",NATURALIA,True,False,false,2.0,MONTH,400g,['Produit bio'],https://courses.monoprix.fr/images-v3/0c44253f-c4a3-4340-9d37-d41e42b9d14a/8f4ba936-d8c7-448b-9883-0c7523e3522a/300x300.jpg
Naturalia,571b445b-0e25-4542-b38b-45bad4111aab,MPX_3172498,Babybio Petits Pots Carotte Butternut Poulet Fermier Dès 6 Mois 2x200g,4.67,11.68,"['Naturalia', 'Bébé', 'Alimentation Bébé']",Babybio,True,False,false,6.0,MONTH,2 x 200g,['Produit bio'],https://courses.monoprix.fr/images-v3/0c44253f-c4a3-4340-9d37-d41e42b9d14a/b9685906-f044-4b10-b942-4c96b5d85bb6/300x300.jpg
Naturalia,e599ec84-5256-433e-9cd1-74f7c13c3f51,MPX_2292930,[Par Naturalia] Primeal Spaghettis Demi-Complets 500G Bio,1.73,3.46,"['Naturalia', 'Epicerie salée', 'Pâtes et Sauces']",PRIMEAL,True,False,false,1.0,YEAR,500g,['Produit bio'],https://courses.monoprix.fr/images-v3/0c44253f-c4a3-4340-9d37-d41e42b9d14a/8a698dc7-9f18-4bf6-aa28-7d885e9a611d/300x300.jpg
Naturalia,c01e73be-beda-4078-b2dc-674d8be5e588,MPX_3682650,[Par Naturalia] Babybio Optima Croissance 3 Lait en poudre de 10 mois à 3 ans 800g,19.9,24.88,"['Naturalia', 'Bébé', 'Laits infantiles']",Babybio,True,False,false,6.0,MONTH,800g,['Produit bio'],https://courses.monoprix.fr/images-v3/0c44253f-c4a3-4340-9d37-d41e42b9d14a/18c3a713-4c61-447d-bc8c-a07a13205b63/300x300.jpg
Naturalia,2e20177e-b45e-400e-a260-26efd93252b3,MPX_2121085,Naturalia Moutarde Bio 350g,3.87,11.06,"['Naturalia', 'Epicerie salée', 'Condiments, Graines et Epices']",NATURALIA,True,False,false,6.0,MONTH,350g,['Produit bio'],https://courses.monoprix.fr/images-v3/0c44253f-c4a3-4340-9d37-d41e42b9d14a/5498be29-30cd-42b3-9537-1f702bb02226/300x300.jpg
Naturalia,00025e46-fa09-459c-885a-4e75c41021e4,MPX_3172497,"Babybio purée de pomme, myrtille et fraise bio 6M le pack de 4x90g",4.25,11.81,"['Naturalia', 'Bébé', 'Alimentation Bébé']",Babybio,True,False,false,2.0,MONTH,4 x 90g,['Produit bio'],https://courses.monoprix.fr/images-v3/0c44253f-c4a3-4340-9d37-d41e42b9d14a/b9293f88-e0ac-4369-861e-187c2f91d91d/300x300.jpg
Naturalia,bfba9dd9-1bdf-4d70-9132-bf6a922cf14a,MPX_3392802,Naturalia Escalope Poulet Jaune Bio x2,9.36,37.45,"['Naturalia', 'Charcuterie, Volailles et Viandes', 'Poulets et Volailles']",NATURALIA,True,False,false,5.0,DAY,250,['Produit bio'],https://courses.monoprix.fr/images-v3/0c44253f-c4a3-4340-9d37-d41e42b9d14a/0ac1b841-3a7d-4a21-9b7f-4ff3a2a8f9a0/300x300.jpg
Naturalia,cdf13274-32d2-4391-a74b-6a0c8f808fce,MPX_2122359,[Par Naturalia] Cerealpes Galettes Épinards & Pignons 2X90G Bio,3.87,21.5,"['Naturalia', 'Traiteur', 'Tartes, Galettes et Plats cuisinés']",CEREALPES,True,False,false,2.0,WEEK,2 x 90g,['Produit bio'],https://courses.monoprix.fr/images-v3/0c44253f-c4a3-4340-9d37-d41e42b9d14a/37104458-3c81-478d-bdc2-c9b48f555462/300x300.jpg
Naturalia,e0df8e95-7bb5-4be1-ab99-7a20cba6ed93,MPX_6688592,Naturalia Boisson soja sans sucre ajouté 1L,1.67,1.67,"['Naturalia', 'Boissons', 'Boissons végétales']",NATURALIA,True,False,false,2.0,MONTH,1L,[],https://courses.monoprix.fr/images-v3/0c44253f-c4a3-4340-9d37-d41e42b9d14a/81ec9443-f556-429b-b55e-d8fc8a114c56/300x300.jpg
Naturalia,4e44bc34-741f-4ddb-807a-c5e71770bbbe,MPX_2851721,[Par Naturalia] Le Pain Des Fleurs Tartines Craquantes Au Maïs Et Au Riz Sans Gluten 150G Bio,2.78,18.53,"['Naturalia', 'Petit-déjeuner et Pains', 'Pains, Biscottes et Galettes']",LE PAIN DES FLEURS,True,False,false,2.0,MONTH,150g,"['Produit vegan', 'Produit bio']",https://courses.monoprix.fr/images-v3/0c44253f-c4a3-4340-9d37-d41e42b9d14a/6dc19f1f-20c2-4ebe-8696-b37c378a01fb/300x300.jpg
Naturalia,8795698f-31d7-4d21-b2d8-9bfc007f2783,MPX_2354701,[Par Naturalia] Rampal Latour Savon de Marseille Traditionnel 72% 150g,2.36,15.73,"['Naturalia', 'Beauté, Hygiène et Huiles essentielles', 'Gels douche et Savons']",RAMPAL LATOUR,True,False,false,,,150g,[],https://courses.monoprix.fr/images-v3/0c44253f-c4a3-4340-9d37-d41e42b9d14a/cc671dc3-7d02-4237-a598-25e32c1e6d9b/300x300.jpg
Naturalia,fddd1a8d-0147-43db-a57b-3bb33a0d7595,MPX_4079852,Naturalia Lardons Nature Bio 150g,4.19,27.93,"['Naturalia', 'Charcuterie, Volailles et Viandes', 'Charcuterie']",NATURALIA,True,False,false,1.0,WEEK,150g,['Produit bio'],https://courses.monoprix.fr/images-v3/0c44253f-c4a3-4340-9d37-d41e42b9d14a/572e2968-6ec9-4826-b7e0-521235a316bb/300x300.jpg
Naturalia,0545772f-b48c-467b-80e7-29943f360289,MPX_1545860,"[Par Naturalia] Hipp Biologique Risotto De Légumes Bio, Dès 8 Mois",3.04,8.0,"['Naturalia', 'Bébé', 'Alimentation Bébé']",Hipp biologique,True,False,false,6.0,MONTH,380g,['Produit bio'],https://courses.monoprix.fr/images-v3/0c44253f-c4a3-4340-9d37-d41e42b9d14a/822394a8-a538-4b51-849b-6c6a66fd7ee4/300x300.jpg
Naturalia,2ba1c269-67b6-4c15-8c78-8f5fd8f047f2,MPX_2221975,"Babybio purée de pomme, poire et pêche bio 4x90g",3.39,9.42,"['Naturalia', 'Epicerie sucrée', 'Compotes et Desserts']",Babybio,True,False,false,2.0,MONTH,4 x 90g,['Produit bio'],https://courses.monoprix.fr/images-v3/0c44253f-c4a3-4340-9d37-d41e42b9d14a/8a8e6f97-1087-4c8b-80f8-7296b3e01bf4/300x300.jpg
Naturalia,3c74315b-8f89-466e-b083-c6b8b21256b0,MPX_4204937,Naturalia Amandes Décortiquées 400g,8.39,20.98,"['Naturalia', 'Epicerie sucrée', 'Fruits secs']",NATURALIA,True,False,false,2.0,MONTH,400g,['Produit bio'],https://courses.monoprix.fr/images-v3/0c44253f-c4a3-4340-9d37-d41e42b9d14a/612bc5b4-ab79-413e-92ce-8a74d10c1591/300x300.jpg
Naturalia,5766c562-90cb-4e90-891a-511af2a4791b,MPX_3575790,Naturalia Jambon supérieur avec couenne bio x2 80g,3.66,45.75,"['Naturalia', 'Charcuterie, Volailles et Viandes', 'Charcuterie']",NATURALIA,True,False,false,1.0,WEEK,80g,['Produit bio'],https://courses.monoprix.fr/images-v3/0c44253f-c4a3-4340-9d37-d41e42b9d14a/76448b61-ddd4-4e73-92aa-dbd92c3930c0/300x300.jpg
Naturalia,a0338dd0-5ac5-4eb7-8bfb-bcffc1580428,MPX_3836688,Naturalia Carottes Râpées Persillées Bio 200g,2.3,11.5,"['Naturalia', 'Traiteur', 'Préparations végétales']",NATURALIA,True,False,false,6.0,DAY,200g,['Produit bio'],https://courses.monoprix.fr/images-v3/0c44253f-c4a3-4340-9d37-d41e42b9d14a/50b321a7-70f2-4545-9f9a-c361aa706d44/300x300.jpg
Naturalia,fd05704d-fac1-4a1a-bcfa-91de5152ce42,MPX_2138027,[Par Naturalia] Montcalm Pack Eau Minérale Naturelle 6X0.5L,3.52,1.17,"['Naturalia', 'Boissons', 'Eaux']",MONTCALM,True,False,false,1.0,MONTH,6 x 50cl,[],https://courses.monoprix.fr/images-v3/0c44253f-c4a3-4340-9d37-d41e42b9d14a/83d37f20-884c-4e97-aff0-dc247b5f6986/300x300.jpg
Naturalia,ced3b078-cb56-478d-bbf2-5179f5e36e56,MPX_2123193,[Par Naturalia] Biobleud Galettes Au Blé Noir X6 360G Bio,5.24,14.56,"['Naturalia', 'Traiteur', 'Tartes, Galettes et Plats cuisinés']",Biobleud,True,False,false,1.0,WEEK,360g,['Produit bio'],https://courses.monoprix.fr/images-v3/0c44253f-c4a3-4340-9d37-d41e42b9d14a/83893fbd-146a-435c-bcdf-bea4c532b91f/300x300.jpg
Naturalia,c58161b3-2a93-40eb-b700-614cf8e302b4,MPX_2305517,[Par Naturalia] Bioporc Saucisses De Francfort 4X50G Bio,6.29,31.45,"['Naturalia', 'Charcuterie, Volailles et Viandes', 'Charcuterie']",BIOPORC,True,False,false,1.0,WEEK,200g,['Produit bio'],https://courses.monoprix.fr/images-v3/0c44253f-c4a3-4340-9d37-d41e42b9d14a/6a1d465a-0d50-48d6-a64d-a7249f8e14b0/300x300.jpg
Naturalia,95e90235-f4aa-4b68-aefa-3ebb444b3b30,MPX_2121266,[Par Naturalia] Yogi Tea Yogi Tea Gingembre & Citron - 17 Infusions Bio,3.98,130.07,"['Epicerie Sucrée', 'Café, Thé et Boisson chaude', 'Thé et Infusion', 'Infusion aromatisée']",YOGI TEA,True,False,false,1.0,YEAR,30.6g,['Produit bio'],https://courses.monoprix.fr/images-v3/0c44253f-c4a3-4340-9d37-d41e42b9d14a/af8eede5-965f-4f63-9ab5-a0bb78123643/300x300.jpg
Naturalia,998c0499-6036-4c38-8b8b-d526f42725e5,MPX_2924661,Hipp Biologique La mamma lasagnes à la bolognaise 250g,3.19,12.76,"['Naturalia', 'Bébé', 'Alimentation Bébé']",Hipp biologique,True,False,false,1.0,MONTH,250g,['Produit bio'],https://courses.monoprix.fr/images-v3/0c44253f-c4a3-4340-9d37-d41e42b9d14a/2858dae1-1458-4d88-b4c1-e552d6737e16/300x300.jpg
Naturalia,bd73d9b7-feaf-475b-b331-d9fbe44c7158,MPX_2440867,[Par Naturalia] Moulin Du Pivert P'Tiwi Choc Chocolat Au Lait 125G Bio,4.73,37.84,"['Naturalia', 'Epicerie sucrée', 'Biscuits et Gâteaux']",MOULIN DU PIVERT,True,False,false,2.0,MONTH,125g,['Produit bio'],https://courses.monoprix.fr/images-v3/0c44253f-c4a3-4340-9d37-d41e42b9d14a/3cb6af02-f02d-4e3a-a776-21aa50e337c8/300x300.jpg
Naturalia,491ab1de-a063-450d-a745-28eeb5f24455,MPX_3860521,[Par Naturalia] Babybio Assiette Bonne Nuit Gratin Panais & Potimarron Du Val de Loire À La Muscade 260g,2.99,11.5,"['Naturalia', 'Bébé', 'Alimentation Bébé']",Babybio,True,False,false,2.0,MONTH,260g,['Produit bio'],https://courses.monoprix.fr/images-v3/0c44253f-c4a3-4340-9d37-d41e42b9d14a/f37c730e-90c9-4300-b47b-a1c6fb1f904f/300x300.jpg
Naturalia,4f016e9b-cea6-4501-802d-88fdb1b204ed,MPX_3789964,[Par Naturalia] Rapunzel Dattes Dénoyautées Bio 250g,3.36,13.44,"['Naturalia', 'Epicerie sucrée', 'Fruits secs']",RAPUNZEL,True,False,false,2.0,MONTH,250g,"['Produit équitable', 'Produit bio']",https://courses.monoprix.fr/images-v3/0c44253f-c4a3-4340-9d37-d41e42b9d14a/2b9e0485-a2d9-42e6-ac51-e1334b94abf2/300x300.jpg
Naturalia,f01a6466-14c8-4828-81de-9bb6fe5ca32c,MPX_2380594,Naturalia Purée Pommes Poires Bio 705G,4.19,5.94,"['Naturalia', 'Epicerie sucrée', 'Compotes et Desserts']",NATURALIA,True,False,false,1.0,YEAR,705g,"['Produit équitable', 'Produit bio']",https://courses.monoprix.fr/images-v3/0c44253f-c4a3-4340-9d37-d41e42b9d14a/e1f6e46a-494e-40d5-9713-f78c2f4296de/300x300.jpg
Naturalia,2ca21309-a110-48ab-b509-a55a36b5e863,MPX_3537305,[Par Naturalia] Babybio Petits Pots Légumes et Jambon 8M 2x200g Bio,4.67,11.68,"['Naturalia', 'Bébé', 'Alimentation Bébé']",Babybio,True,False,false,6.0,MONTH,2 x 200g,['Produit bio'],https://courses.monoprix.fr/images-v3/0c44253f-c4a3-4340-9d37-d41e42b9d14a/e983368f-5548-45d0-81d2-7510541f92ea/300x300.jpg
Naturalia,676a20c6-a83e-453a-a6bb-0ab04aada46f,MPX_2864418,[Par Naturalia] Lait Plaisirs Crème Liquide Entière 3X20Cl Bio,5.55,9.25,"['Naturalia', 'Crèmerie', 'Beurres et Crèmes']",LAIT PLAISIRS,True,False,false,1.0,MONTH,3 x 20cl,['Produit bio'],https://courses.monoprix.fr/images-v3/0c44253f-c4a3-4340-9d37-d41e42b9d14a/e23100eb-7445-4a1a-852c-517682f1c2e8/300x300.jpg
Naturalia,ec2dca45-d0d2-4a80-ae88-9946ebbcbbdb,MPX_4123305,[Par Naturalia] Good Goût Pâtes étoiles tricolores 8 mois 250g Bio,2.84,11.36,"['Naturalia', 'Bébé', 'Alimentation Bébé']",Good Goût,True,False,false,1.0,YEAR,250g,['Produit bio'],https://courses.monoprix.fr/images-v3/0c44253f-c4a3-4340-9d37-d41e42b9d14a/7a23a7cc-639c-4e8a-9add-a660a3d35b04/300x300.jpg
Naturalia,1efaad86-63a4-462f-9e73-10db8c5abd84,MPX_2136521,[Par Naturalia] Biochamps Yaourt Au Lait De Brebis 0% Bio 2x125g,2.52,10.08,"['Naturalia', 'Crèmerie', 'Yaourts et Desserts']",BIOCHAMPS,True,False,false,1.0,WEEK,2 x 125g,['Produit bio'],https://courses.monoprix.fr/images-v3/0c44253f-c4a3-4340-9d37-d41e42b9d14a/db016822-ca75-4105-9666-3cfc57887bab/300x300.jpg
Naturalia,3b7ce788-aa19-4f43-87a4-f1fb14e7bfca,MPX_3537021,Babybio biscuit noisette 12m 160g,4.35,27.19,"['Bébé', 'Bébé bio', 'Biscuit bio']",Babybio,True,False,false,2.0,MONTH,160g,['Produit bio'],https://courses.monoprix.fr/images-v3/0c44253f-c4a3-4340-9d37-d41e42b9d14a/35fc23c3-60b2-4d22-98bb-5c9af7161d08/300x300.jpg
Naturalia,ca1837e5-5558-408f-9de8-b6a8a63fe67e,MPX_2336264,[Par Naturalia] La Bergerie Yaourt Au Lait De Brebis 0% 4X120G Bio,4.19,8.73,"['Naturalia', 'Crèmerie', 'Yaourts et Desserts']",LA BERGERIE,True,False,false,1.0,WEEK,480g,['Produit bio'],https://courses.monoprix.fr/images-v3/0c44253f-c4a3-4340-9d37-d41e42b9d14a/359c414c-8ed5-427e-aa6c-1ebfd7cd7250/300x300.jpg
Naturalia,b555e945-b157-4102-9b4a-cde822971391,MPX_2338074,Naturalia Purée de Tomates Bio 670g,2.09,3.12,"['Naturalia', 'Epicerie salée', 'Pâtes et Sauces']",NATURALIA,True,False,false,1.0,YEAR,670g,['Produit bio'],https://courses.monoprix.fr/images-v3/0c44253f-c4a3-4340-9d37-d41e42b9d14a/4a483269-11e7-41d2-9757-40fc0f40d650/300x300.jpg
Naturalia,3d616cda-a8b4-40ce-bdac-eb6db0b586bd,MPX_1168521,Babybio purée de fruits bio 2x130g,2.89,11.12,"['Naturalia', 'Bébé', 'Alimentation Bébé']",Babybio,True,False,false,6.0,MONTH,2 x 130g,['Produit bio'],https://courses.monoprix.fr/images-v3/0c44253f-c4a3-4340-9d37-d41e42b9d14a/c9f25a89-9abf-4a52-bbe3-b5a341e30b90/300x300.jpg
Naturalia,e1681182-5055-4676-99fd-79f8f5cb2be5,MPX_3939054,[Par Naturalia] Babybio Petits Pots Carotte & Veau dès 8M 2 x 200g,3.29,8.23,"['Naturalia', 'Bébé', 'Alimentation Bébé']",Babybio,True,False,false,6.0,MONTH,2 x 200g,['Produit bio'],https://courses.monoprix.fr/images-v3/0c44253f-c4a3-4340-9d37-d41e42b9d14a/bb794081-e4f5-4d98-8ed3-73e5bd5cde18/300x300.jpg
Naturalia,8b255093-54f7-45e2-8cb8-0d247bdb644c,MPX_2950294,[Par Naturalia] Biodelizie Blanc De Dinde Au Four 80G Bio,5.24,65.5,"['Naturalia', 'Charcuterie, Volailles et Viandes', 'Charcuterie']",BIODELIZIE,True,False,false,1.0,WEEK,80g,['Produit bio'],https://courses.monoprix.fr/images-v3/0c44253f-c4a3-4340-9d37-d41e42b9d14a/9cd2e595-bbc4-4df8-96eb-56c104367993/300x300.jpg
Naturalia,85711c3f-9e69-4f69-834e-9e6d83521bac,MPX_2205324,Naturalia Mélange Fruits Secs Bio 400G,8.56,21.4,"['Naturalia', 'Epicerie sucrée', 'Fruits secs']",NATURALIA,True,False,false,2.0,MONTH,400g,['Produit bio'],https://courses.monoprix.fr/images-v3/0c44253f-c4a3-4340-9d37-d41e42b9d14a/8b3eb36e-a182-4054-8a9e-e8c93618a200/300x300.jpg
Naturalia,b52a2e98-3b81-4d5b-9446-2d37c5f3f31a,MPX_2122665,[Par Naturalia] Grandeur Nature Crème Fraîche Fleurette Bio 25cl,2.89,11.56,"['Naturalia', 'Crèmerie', 'Beurres et Crèmes']",GRANDEUR NATURE,True,False,false,1.0,WEEK,25cl,['Produit bio'],https://courses.monoprix.fr/images-v3/0c44253f-c4a3-4340-9d37-d41e42b9d14a/4ebe6f1f-6a18-4c6b-bb29-fee033da312a/300x300.jpg
Naturalia,e9767942-c350-4da4-b6eb-9745d75e1fb4,MPX_2123443,Naturalia Vinaigre de Cidre Bio 75cl,2.4,3.2,"['Naturalia', 'Epicerie salée', 'Huiles, Vinaigres et Sauces salade']",NATURALIA,True,False,false,6.0,MONTH,75cl,['Produit bio'],https://courses.monoprix.fr/images-v3/0c44253f-c4a3-4340-9d37-d41e42b9d14a/8af13e55-d704-4c62-b990-c7c70f08505f/300x300.jpg
Naturalia,6df9a7b9-d5ca-4211-a797-d67d3fb4eb89,MPX_6667136,Naturalia Tofu Fumé au Bois de Hêtre 2*100g,3.87,19.35,"['Naturalia', 'Traiteur', 'Préparations végétales']",NATURALIA,True,False,false,1.0,WEEK,200g,[],https://courses.monoprix.fr/images-v3/0c44253f-c4a3-4340-9d37-d41e42b9d14a/a34ff58e-3bb1-4075-b364-624d9b121458/300x300.jpg
Naturalia,579a19a2-70dc-461a-925a-b6f0600f2ff5,MPX_6733580,Naturalia pâte brisée sans huile de palme 230g,2.09,9.09,"['Naturalia', 'Epicerie sucrée', 'Aide à la Pâtisserie']",Naturalia,True,False,false,1.0,WEEK,230g,[],https://courses.monoprix.fr/images-v3/0c44253f-c4a3-4340-9d37-d41e42b9d14a/f57d6bbf-d740-42a3-98fc-f99f96a0fee9/300x300.jpg
Naturalia,8aa11216-c9d7-4f50-a2d1-789f61e5f4e8,MPX_2121546,[Par Naturalia] Markal Son D'Avoine Bio 500g,3.36,6.72,"['Naturalia', 'Epicerie salée', 'Condiments, Graines et Epices']",MARKAL,True,False,false,2.0,MONTH,500g,['Produit bio'],https://courses.monoprix.fr/images-v3/0c44253f-c4a3-4340-9d37-d41e42b9d14a/6b4161f9-5ea5-4095-a276-f796336f540d/300x300.jpg
Naturalia,f4097bd5-1dea-43a5-b29d-af5fa31a6489,MPX_3537294,[Par Naturalia] Babybio Petits Pots Carotte et Patate Douce 6M 2x200g Bio,4.52,11.3,"['Naturalia', 'Bébé', 'Alimentation Bébé']",Babybio,True,False,false,6.0,MONTH,2 x 200g,['Produit bio'],https://courses.monoprix.fr/images-v3/0c44253f-c4a3-4340-9d37-d41e42b9d14a/948cd8d1-d85e-4fef-954b-c9fb3222104a/300x300.jpg
Naturalia,03dabae8-178c-470d-a4bc-5aa0d851d768,MPX_2999253,[Par Naturalia] Bonneterre Jambon Rôti Aux Herbes 100G Bio,6.81,68.1,"['Naturalia', 'Charcuterie, Volailles et Viandes', 'Charcuterie']",BONNETERRE,True,False,false,1.0,WEEK,100g,['Produit bio'],https://courses.monoprix.fr/images-v3/0c44253f-c4a3-4340-9d37-d41e42b9d14a/39aa6344-d0c3-413b-9797-e0867212ec4b/300x300.jpg
Naturalia,4120282f-f454-4fb8-bdc5-6babca77b7c6,MPX_2339826,[Par Naturalia] Moulin Du Pivert P'Tit Déj Chocolat 190G Bio,4.4,23.16,"['Naturalia', 'Epicerie sucrée', 'Biscuits et Gâteaux']",MOULIN DU PIVERT,True,False,false,2.0,MONTH,190g,['Produit bio'],https://courses.monoprix.fr/images-v3/0c44253f-c4a3-4340-9d37-d41e42b9d14a/0dd492db-7d4d-4405-a5b5-1343583bef2d/300x300.jpg
Naturalia,f90733af-a456-4757-9fad-de9ea66ef104,MPX_3939056,Babybio petits pots petit pois d'aquitaine dès 6 mois 2x130g,1.99,7.65,"['Naturalia', 'Bébé', 'Alimentation Bébé']",Babybio,True,False,false,6.0,MONTH,2 x 130g,['Produit bio'],https://courses.monoprix.fr/images-v3/0c44253f-c4a3-4340-9d37-d41e42b9d14a/bcf6c9b4-97cb-4195-aaa0-83aacce6389f/300x300.jpg
Naturalia,dcd4e4c6-a6b3-48fd-bc50-00e71f891be8,MPX_3537302,[Par Naturalia] Babynat Babybio Petits Pots Pommes de Terre & Cabillaud Bio 6M 2x200g,4.67,11.68,"['Naturalia', 'Bébé', 'Alimentation Bébé']",Babynat,True,False,false,6.0,MONTH,2 x 200g,['Produit bio'],https://courses.monoprix.fr/images-v3/0c44253f-c4a3-4340-9d37-d41e42b9d14a/3fa6fc54-368d-470d-82bf-8c290bca1988/300x300.jpg
Naturalia,5f659812-c25c-429e-9f01-504dce8ff8e8,MPX_3165142,[Par Naturalia] La Droguerie Ecologique Vinaigre D'Alcool 8% D'Acidité 1L Bio,2.09,2.09,"['Naturalia', ""Produits d'entretien"", 'Produits ménagers']",LA DROGUERIE ECOLOGIQUE,True,False,false,,,1L,[],https://courses.monoprix.fr/images-v3/0c44253f-c4a3-4340-9d37-d41e42b9d14a/d459a2e5-cf13-4800-ad07-ec4d12b38ec4/300x300.jpg
Naturalia,6f11e098-9cdc-4f35-a281-60ccf9cac4b6,MPX_2849732,[Par Naturalia] Tradi-Bergere Yaourt De Brebis Nature Bio,3.14,7.48,"['Naturalia', 'Crèmerie', 'Yaourts et Desserts']",TRADI-BERGERE,True,False,false,1.0,WEEK,420g,['Produit bio'],https://courses.monoprix.fr/images-v3/0c44253f-c4a3-4340-9d37-d41e42b9d14a/cc05fb8d-f519-4f4d-8f33-9ad015776c7e/300x300.jpg
Naturalia,5b3cc1bb-cbca-40cc-b2aa-517033266c92,MPX_3635416,[Par Naturalia] Bio Organica Nuova Olives Noires Dénoyautées Bio 160g,3.73,23.31,"['Naturalia', 'Epicerie salée', 'Produits Apéritif']",BIO ORGANICA NUOVA,True,False,false,1.0,YEAR,160g,['Produit bio'],https://courses.monoprix.fr/images-v3/0c44253f-c4a3-4340-9d37-d41e42b9d14a/71d39355-0289-4fb3-8ef1-2a72e74bc276/300x300.jpg
Naturalia,e1e6e6ff-776e-4af1-bda0-d2d12b7ac823,MPX_2121681,[Par Naturalia] Moulin du Pivert Biscuits Fourrés Choc' Bio 175g,4.19,23.94,"['Naturalia', 'Epicerie sucrée', 'Biscuits et Gâteaux']",Le Moulin du Pivert,True,False,false,2.0,MONTH,175g,['Produit bio'],https://courses.monoprix.fr/images-v3/0c44253f-c4a3-4340-9d37-d41e42b9d14a/b2a2ef9e-724c-4f36-bcd6-6001f5b56272/300x300.jpg
Naturalia,287b0469-56ad-4767-9505-da96ce5580f3,MPX_3549537,[Par Naturalia] Les Accents du Soleil Cerneaux de Noix Bio 100g,3.52,35.2,"['Naturalia', 'Epicerie sucrée', 'Fruits secs']",ACCENTS DU SOLEIL,True,False,false,2.0,MONTH,100g,['Produit bio'],https://courses.monoprix.fr/images-v3/0c44253f-c4a3-4340-9d37-d41e42b9d14a/f84d2498-349e-4b8f-ac4f-b293e8442d1c/300x300.jpg
Naturalia,ff87a703-7010-48d3-bcaf-a7ee04732497,MPX_3393612,[Par Naturalia] Benessere Gnocchi sans Gluten Bio 400g,4.67,11.68,"['Naturalia', 'Traiteur', 'Pâtes fraîches']",NoBrand,True,False,false,3.0,WEEK,400g,['Produit bio'],https://courses.monoprix.fr/images-v3/0c44253f-c4a3-4340-9d37-d41e42b9d14a/cd1e74ef-aee7-4cf4-b2cf-35ed7ca9e5ad/300x300.jpg
Naturalia,538b8bbc-02fc-4b0c-99e4-c7c0d6f88d07,MPX_6562943,Naturalia Essuie-Tout Compact Ecologique x2 358g,2.68,7.49,"['Naturalia', ""Produits d'entretien"", 'Essuie-tout, Papier toilette et Mouchoirs']",NATURALIA,True,False,false,,,358g,[],https://courses.monoprix.fr/images-v3/0c44253f-c4a3-4340-9d37-d41e42b9d14a/cf526b80-67af-46b2-9548-090b02f08a75/300x300.jpg
Naturalia,9aebb077-5bca-47b5-aaaa-7ed91d9f1a2d,MPX_3165995,[Par Naturalia] Persegona Parmesan Dop Râpé 100G Bio,4.5,45.0,"['Naturalia', 'Crèmerie', 'Fromages']",PERSEGONA,True,False,false,3.0,WEEK,100g,['Produit bio'],https://courses.monoprix.fr/images-v3/0c44253f-c4a3-4340-9d37-d41e42b9d14a/643b19e4-4d47-43d4-8d6e-00e16db7234f/300x300.jpg
Naturalia,4446decf-5044-452d-a665-568c30c29728,MPX_2412504,[Par Naturalia] Le Pain Des Fleurs Tartines Craquantes À La Châtaigne Sans Gluten 300G Bio,7.34,24.47,"['Naturalia', 'Petit-déjeuner et Pains', 'Pains, Biscottes et Galettes']",LE PAIN DES FLEURS,True,False,false,6.0,MONTH,300g,"['Produit vegan', 'Produit bio']",https://courses.monoprix.fr/images-v3/0c44253f-c4a3-4340-9d37-d41e42b9d14a/5e00ae57-af69-4c86-a4ea-1b83ce9154a9/300x300.jpg
Naturalia,1c46e3e1-e8d1-4585-82e0-1a96e2b4d16d,MPX_3635417,[Par Naturalia] Bio Organica Nuova Olives Vertes Dénoyautées Bio 160g,3.83,23.94,"['Naturalia', 'Epicerie salée', 'Produits Apéritif']",BIO ORGANICA NUOVA,True,False,false,1.0,YEAR,160g,['Produit bio'],https://courses.monoprix.fr/images-v3/0c44253f-c4a3-4340-9d37-d41e42b9d14a/3df503b0-4fd5-4671-a060-e26f88da262d/300x300.jpg
Naturalia,2f1e33ce-743c-438c-bd72-68f8d5263d11,MPX_2137630,[Par Naturalia] Bonneterre Yaourt Nature Au Lait Entier 4X125G Bio,1.58,3.16,"['Naturalia', 'Crèmerie', 'Yaourts et Desserts']",BONNETERRE,True,False,false,1.0,WEEK,4 x 125g,['Produit bio'],https://courses.monoprix.fr/images-v3/0c44253f-c4a3-4340-9d37-d41e42b9d14a/dcbf8192-6aed-4332-a01f-623c8e64c7a0/300x300.jpg
Naturalia,9931d8ee-8221-4c1b-a216-41d2c3b24ba0,MPX_2121916,Naturalia Ratatouille Bio 1kg,5.78,5.78,"['Naturalia', 'Epicerie salée', 'Plats cuisinés']",NATURALIA,True,False,false,1.0,YEAR,1kg,['Produit bio'],https://courses.monoprix.fr/images-v3/0c44253f-c4a3-4340-9d37-d41e42b9d14a/6fb59fbe-638b-46cd-8cfc-679410ebf175/300x300.jpg
Naturalia,3bec8efd-e761-40a2-bba9-cc94b7ca00de,MPX_2122806,[Par Naturalia] Valdibella Lait D'Amande Sans Gluten 1L Bio,5.93,5.93,"['Naturalia', 'Crèmerie', 'Boissons végétales']",VALDIBELLA,True,False,false,1.0,MONTH,1L,['Produit bio'],https://courses.monoprix.fr/images-v3/0c44253f-c4a3-4340-9d37-d41e42b9d14a/4255f047-5be0-4b64-846a-ff5d3220fce2/300x300.jpg
Naturalia,1edd1b4c-ea01-4c11-b094-79ece454fa40,MPX_2121557,[Par Naturalia] La Bio Idea Lentilles 400G Bio,1.89,7.88,"['Naturalia', 'Epicerie salée', 'Conserves']",LUCE,True,False,false,6.0,MONTH,240g,['Produit bio'],https://courses.monoprix.fr/images-v3/0c44253f-c4a3-4340-9d37-d41e42b9d14a/ce12349f-2dc3-409d-9cc8-4c3189653698/300x300.jpg
Nos recettes,cc1ef203-11e2-4f2a-a64d-b28250978acd,MPX_2638867,Président Beurre Gastronomique doux 82% MG Plaquette 250g,2.99,11.96,"['Promotions', 'Les promos à ne pas manquer', 'Beurre Président, 50% sur le 2ème']",President,True,False,false,3.0,WEEK,250g,[],https://courses.monoprix.fr/images-v3/0c44253f-c4a3-4340-9d37-d41e42b9d14a/60ab82de-75bc-45b2-ade5-d9a3016b64d3/300x300.jpg
Nos recettes,08829b8b-79cf-4791-8fbd-3099ebffcd53,MPX_163027,Monoprix Olives vertes dénoyautées 160g,1.29,8.06,"['Nos sélections', 'Inspiration du moment', '& Barbecue', 'Epicerie salée']",Monoprix,True,False,false,1.0,YEAR,160g,[],https://courses.monoprix.fr/images-v3/0c44253f-c4a3-4340-9d37-d41e42b9d14a/062f3bad-1084-4825-bb04-5a62ef2c598c/300x300.jpg
Nos recettes,de0a3818-50de-4e28-968c-b22ccaaa3108,MPX_4246668,Monoprix Haché En Vrac 5% Mg 350g,5.69,16.26,"['Boucherie et Volaille', 'Boucherie', 'Viandes hachées et farces']",Monoprix,True,False,false,2.0,DAY,350g,[],https://courses.monoprix.fr/images-v3/0c44253f-c4a3-4340-9d37-d41e42b9d14a/54e69d4a-0983-4876-a1ae-c3596e46d3fd/300x300.jpg
Nos recettes,a691f4ea-6024-42ab-9b23-57320d77d38e,MPX_3648532,Monoprix Farine De Blé Type 55 1kg,0.99,0.99,"['Nos sélections', 'Inspiration du moment', ""& La pâtisserie c'est du gâteau"", 'Sucre, Farine et Aide à la pâtisserie']",MONOPRIX,True,False,false,2.0,MONTH,1kg,[],https://courses.monoprix.fr/images-v3/0c44253f-c4a3-4340-9d37-d41e42b9d14a/a0c8c183-9bbf-40dc-ade3-0f0456ab02bb/300x300.jpg
Nos recettes,6ea68745-3bbb-4860-9bcb-e2ec8a0dfcf0,MPX_3266125,Heinz Tomato Ketchup Flacon Top Down 460G,2.35,5.11,"['Nos recettes', 'Recettes du Monde', '& Crêpe Japonaise Okonomiyaki']",Heinz,True,False,false,2.0,MONTH,460g,[],https://courses.monoprix.fr/images-v3/0c44253f-c4a3-4340-9d37-d41e42b9d14a/8bec90dd-4f73-4c07-ac6e-fd255bdff750/300x300.jpg
Nos recettes,d75e8cb7-5c79-4964-a4a4-a34a46a343b6,MPX_3648530,Monoprix Farine De Blé Fluide Type 45 1kg,1.29,1.29,"['Nos sélections', 'Inspiration du moment', ""& La pâtisserie c'est du gâteau"", 'Sucre, Farine et Aide à la pâtisserie']",MONOPRIX,True,False,false,2.0,MONTH,1kg,[],https://courses.monoprix.fr/images-v3/0c44253f-c4a3-4340-9d37-d41e42b9d14a/d715f502-bc02-4623-ba1f-1d1855a716c8/300x300.jpg
Nos recettes,ebcda2af-33d2-4a7b-b6f7-148b0393360f,MPX_2560383,Monoprix Gourmet Bresaola Viande de Boeuf Séchée. I.G.P. 80g,6.65,83.13,"['Nos sélections', 'Inspiration du moment', 'Sélection Charcuterie et Fromage']",Monoprix Gourmet,True,False,false,2.0,WEEK,80g,[],https://courses.monoprix.fr/images-v3/0c44253f-c4a3-4340-9d37-d41e42b9d14a/5f6548cc-2c4a-4858-a553-d0f9de684b8a/300x300.jpg
Nos recettes,19efa224-0fc6-497e-948f-7f371fc461a0,MPX_156056,Monoprix Huile de Tournesol 1L,3.09,3.09,"['Promotions', 'Promo Epicerie', 'Promo Epicerie Salée']",Monoprix,True,False,false,2.0,MONTH,1L,[],https://courses.monoprix.fr/images-v3/0c44253f-c4a3-4340-9d37-d41e42b9d14a/0e4f312c-ecd5-4a30-a9d1-9e188c55ca74/300x300.jpg
Nos recettes,ba2ed561-0158-4b67-a8e4-8b3f54ad3823,MPX_3392181,Maggi Bouillon BIO Légumes 80g,2.69,33.63,"['Nos recettes', 'Recettes du Monde', '& Ceviche de Dorade Polenta']",MAGGI,True,False,false,2.0,MONTH,80g,['Produit bio'],https://courses.monoprix.fr/images-v3/0c44253f-c4a3-4340-9d37-d41e42b9d14a/0540645a-dd0d-4da5-a6a1-3394a721e1eb/300x300.jpg
Nos recettes,e1496cc8-3f9f-4c84-be71-6c8c43c254ce,MPX_1772854,Kühne Oignons frits boîte 100g,1.85,18.5,"['Nos sélections', 'Inspiration du moment', '& Barbecue', 'Epicerie salée']",Kuhne,True,False,false,2.0,MONTH,100g,['Produit vegan'],https://courses.monoprix.fr/images-v3/0c44253f-c4a3-4340-9d37-d41e42b9d14a/9d7c8b69-36fa-40a7-b0dc-2c13e35ecaf9/300x300.jpg
Nos recettes,422e3fa5-13d3-40d3-a7f5-00320b7c37b9,MPX_3392182,Maggi Bouillon Bio Volaille 80g,2.59,32.38,"['Nos recettes', 'Recettes Gastronomie Française', '& Poulet fermier mijoté']",MAGGI,True,False,false,2.0,MONTH,80g,['Produit bio'],https://courses.monoprix.fr/images-v3/0c44253f-c4a3-4340-9d37-d41e42b9d14a/5549aec8-cb65-4db4-8856-8fb56ee8cdd9/300x300.jpg
Nos recettes,d2337f02-6166-47cb-8319-94b7e5c23fa9,MPX_2787141,Tanoshi Japon Sauce Soja Réduite En Sel 200Ml,3.99,19.95,"['Produits du monde', 'Asie 亚洲', 'Sauce soja, Nems et Nuoc mam']",Tanoshi,True,False,false,2.0,MONTH,200ml,['Produit végétarien'],https://courses.monoprix.fr/images-v3/0c44253f-c4a3-4340-9d37-d41e42b9d14a/1cb1667c-cbfb-4e71-acd7-daab13f2c83b/300x300.jpg
Nos recettes,c8a627bf-e07f-4787-ae31-0d97f4037a3d,MPX_1582858,Aoste jambon cru fines et fondantes 100g,4.39,43.9,"['Charcuterie et Traiteur', 'Charcuterie', 'Jambon cru']",Aoste,True,False,false,4.0,WEEK,100g,[],https://courses.monoprix.fr/images-v3/0c44253f-c4a3-4340-9d37-d41e42b9d14a/3d0a5dd6-4acb-4ed7-9b7f-ac109976162e/300x300.jpg
Nos recettes,be7c2659-bd2b-4341-9adc-3e5e64127497,MPX_2638524,Seeberger Amandes 500G,12.99,25.98,"['Epicerie Salée', 'Produit apéritif', 'Cacahuète, Noix, Amande et Pistache', 'Amande et Pistache']",Seeberger,True,False,false,2.0,MONTH,500g,[],https://courses.monoprix.fr/images-v3/0c44253f-c4a3-4340-9d37-d41e42b9d14a/0ec6536f-f293-4a7a-b2ee-c1d632130ad1/300x300.jpg
Nos recettes,bea8caf1-5bc9-4759-a3f1-ea1c7a3869e1,MPX_1236737,Monoprix Huile De Pépins De Raisins 1L,6.49,6.49,"['Promotions', 'Promo Epicerie', 'Promo Epicerie Salée']",Monoprix,True,False,false,2.0,MONTH,1L,[],https://courses.monoprix.fr/images-v3/0c44253f-c4a3-4340-9d37-d41e42b9d14a/2cb06901-51ef-44dd-bfe6-96266796b4e5/300x300.jpg
Nos recettes,bf0e3252-6670-4a13-81e2-55116d13bb1a,MPX_4080420,Saint Louis Cassonade Sucre Roux De Canne 650G,2.89,4.45,"['Promotions', 'Les promos à ne pas manquer', 'Promo 30% de remise immédiate']",Saint louis,True,False,false,,,650g,[],https://courses.monoprix.fr/images-v3/0c44253f-c4a3-4340-9d37-d41e42b9d14a/8e81254d-b183-45cd-89a2-349a2a148e97/300x300.jpg
Nos recettes,ff2b3784-9884-4b64-9aaa-5735a94a1ac9,MPX_3777120,Saint Louis Sucre Poudre St Louis 650G,2.29,3.52,"['Promotions', 'Les promos à ne pas manquer', 'Promo 30% de remise immédiate']",Saint louis,True,False,false,1.0,YEAR,650g,[],https://courses.monoprix.fr/images-v3/0c44253f-c4a3-4340-9d37-d41e42b9d14a/78644656-543e-4ba3-8a8c-d587fe15cc7e/300x300.jpg
Nos recettes,60ad6086-4d86-4f67-a6b2-3751fd5a39fe,MPX_3293069,Maggi Bouillon Kub Volaille Dégraissé x12 cubes - 120g,2.25,18.75,"['Nos recettes', 'Recettes du Monde', '& Risotto aux cèpes']",Maggi,True,False,false,2.0,MONTH,120g,[],https://courses.monoprix.fr/images-v3/0c44253f-c4a3-4340-9d37-d41e42b9d14a/0b6233da-d85c-4472-9029-3cfce84b4d9f/300x300.jpg
Nos recettes,4b2d759b-8833-4c35-86a0-079832dd4b76,MPX_3648296,Max Havelaar Banane Bio x5,1.99,0.4,"['Bio', 'Fruit et Légume bio', 'Fruit frais bio']",-,True,False,false,2.0,DAY,5 par pack,"['Produit équitable', 'Produit bio']",https://courses.monoprix.fr/images-v3/0c44253f-c4a3-4340-9d37-d41e42b9d14a/ff8abea8-c868-4116-bb38-956055fcde1b/300x300.jpg
Nos recettes,5e8beb6a-e669-47f7-b498-cb004957820b,MPX_4231092,Monoprix Bio Œufs Bio x10,4.89,0.49,"['Bio', 'Crèmerie bio', 'Œuf bio']",Monoprix Bio,True,False,false,1.0,WEEK,10 par pack,['Produit bio'],https://courses.monoprix.fr/images-v3/0c44253f-c4a3-4340-9d37-d41e42b9d14a/dbac32ed-f009-4e8e-9cff-9bff8feb6dca/300x300.jpg
Nos recettes,d97b016b-faa7-4e7f-a34b-1751de9f91b5,MPX_2154121,Monoprix Bio Citron Jaune x4 Catégorie 2,2.29,0.57,"['Bio', 'Fruit et Légume bio', 'Fruit frais bio']",Monoprix,True,False,false,2.0,DAY,4 par pack,['Produit bio'],https://courses.monoprix.fr/images-v3/0c44253f-c4a3-4340-9d37-d41e42b9d14a/64a7ffe0-2247-4eed-9743-b66fa25ec0cd/300x300.jpg
Nos recettes,d458f6be-d4f4-4c83-99e0-aebd8e742535,MPX_123286,Monoprix Emmental français râpé 200g,1.79,8.95,"['Nos sélections', 'Inspiration du moment', 'Nos coups de coeur Origine France']",Monoprix,True,False,false,3.0,WEEK,200g,[],https://courses.monoprix.fr/images-v3/0c44253f-c4a3-4340-9d37-d41e42b9d14a/e017faf1-a174-4109-b653-fd02812346d5/300x300.jpg
Nos recettes,ebb1891d-e36b-4e02-a521-55cedfd71c10,MPX_1120135,Monoprix beurre doux 250g,2.39,9.56,"['Nos sélections', 'Inspiration du moment', ""& La pâtisserie c'est du gâteau"", 'Produits laitiers et œufs']",Monoprix,True,False,false,3.0,WEEK,250g,[],https://courses.monoprix.fr/images-v3/0c44253f-c4a3-4340-9d37-d41e42b9d14a/c5f6816a-5047-4117-a613-a0c81520b589/300x300.jpg
Nos recettes,8b3f5b6f-c47d-4687-8f05-db5efeba8a99,MPX_1119096,Monoprix mozzarella le sachet de 125g,0.89,7.12,"['Produits du monde', 'Italie - Italia', 'Mozzarella, Parmesan, Burrata et Ricotta']",Monoprix,True,False,false,1.0,WEEK,125g,[],https://courses.monoprix.fr/images-v3/0c44253f-c4a3-4340-9d37-d41e42b9d14a/cbb48813-1fe1-4f35-9f39-71af31292bc2/300x300.jpg
Nos recettes,b2cf52be-a051-409f-aed1-b2c47d918327,MPX_1279416,Monoprix Gourmet Œufs Gros Label Rouge 6 Unités,2.69,0.45,"['Nos sélections', 'Inspiration du moment', '& Notre sélection brunch', 'Œufs']",Monoprix Gourmet,True,False,false,1.0,WEEK,6 par pack,[],https://courses.monoprix.fr/images-v3/0c44253f-c4a3-4340-9d37-d41e42b9d14a/adf8d217-26dc-4e9f-9362-c4535e76a8f8/300x300.jpg
Nos recettes,1d91ec08-429c-44cd-9c85-16d60ffec1ea,MPX_2455127,Casa Azzurra Parmigiano Reggiano Râpé Aop 60g,1.75,29.17,"['Produits Laitiers, Œufs et Fromages', 'Fromages à cuisiner, raclettes et apéritifs', 'Fromages râpés']",Casa azzurra,True,False,false,4.0,WEEK,60g,[],https://courses.monoprix.fr/images-v3/0c44253f-c4a3-4340-9d37-d41e42b9d14a/1485f8b5-3312-4613-834e-4f180955a4ea/300x300.jpg
Nos recettes,56283cda-80fc-4448-85cc-70231b5241da,MPX_2350772,Cœur de Sucrine x3,1.5,0.5,"['Fruits & Légumes', 'Prêts à consommer', 'Salades']",-,True,False,false,1.0,DAY,3 par pack,[],https://courses.monoprix.fr/images-v3/0c44253f-c4a3-4340-9d37-d41e42b9d14a/5df707dc-c675-40a7-b36d-706fd0c8f286/300x300.jpg
Nos recettes,0b3aa36d-8524-4b68-88c3-6cb333bb06a2,MPX_3953108,Courgette 1kg,2.49,2.49,"['Fruits & Légumes', 'Légumes Frais', 'Aubergines, Courgettes et Poivrons', 'Courgette']",Monoprix,True,False,false,2.0,DAY,1kg,[],https://courses.monoprix.fr/images-v3/0c44253f-c4a3-4340-9d37-d41e42b9d14a/5944a1fb-dbd0-4cea-8e5c-ff6d0143d938/300x300.jpg
Nos recettes,6ee71c87-d750-41b3-a2b3-60875e41b06d,MPX_3636368,Monoprix Œufs de poules élevées en plein air x12,4.65,0.39,"['Nos sélections', 'Inspiration du moment', '& Notre sélection brunch', 'Œufs']",Monoprix,True,False,false,1.0,WEEK,12 par pack,[],https://courses.monoprix.fr/images-v3/0c44253f-c4a3-4340-9d37-d41e42b9d14a/87a8d98a-6e00-4fe7-b254-01fff98e1a3a/300x300.jpg
Nos recettes,19fe8e3d-f256-4828-b138-7252e7010b49,MPX_810309,Oignon jaune 500g,1.99,3.98,"['Fruits & Légumes', 'Légumes Frais', 'Ail, Oignons et Echalotes', 'Oignon']",Monoprix,True,False,false,1.0,WEEK,500g,[],https://courses.monoprix.fr/images-v3/0c44253f-c4a3-4340-9d37-d41e42b9d14a/da45e92f-4fae-4175-8e0b-d2cd8dd03d6b/300x300.jpg
Nos recettes,d7602053-c820-425d-b31c-5e78a80efe75,MPX_4231091,Monoprix Bio Œufs Bio x6,3.09,0.52,"['Bio', 'Crèmerie bio', 'Œuf bio']",Monoprix Bio,True,False,false,1.0,WEEK,6 par pack,['Produit bio'],https://courses.monoprix.fr/images-v3/0c44253f-c4a3-4340-9d37-d41e42b9d14a/1ce2483b-a996-4e6d-9f3c-e7133c90f068/300x300.jpg
Nos recettes,3c95bf82-e735-4411-85f6-cf2a59e5207f,MPX_875909,Monoprix Lait Demi Ecrémé 6x1L,6.39,1.07,"['Boissons et Lait', 'Lait', 'Lait UHT demi-écrémé']",Monoprix,True,False,false,1.0,MONTH,6 x 1L,[],https://courses.monoprix.fr/images-v3/0c44253f-c4a3-4340-9d37-d41e42b9d14a/f9ff0ec5-0d0c-498e-b88c-0e01f9cbc570/300x300.jpg
Nos recettes,a0d92dc5-fb62-453f-86b1-4cc583f3bf19,MPX_6716509,"Monoprix Bio Carotte sachet 1,5kg",3.79,2.53,"['Fruits & Légumes', 'Légumes Frais', 'Pommes de terre et Carottes', 'Carotte']",Monoprix Bio,True,False,false,4.0,DAY,1.5kg,['Produit bio'],https://courses.monoprix.fr/images-v3/0c44253f-c4a3-4340-9d37-d41e42b9d14a/2d4d0ac2-c81b-482e-a7e7-16a071d41e50/300x300.jpg
Nos recettes,d2bc2483-ddae-4053-b6e6-eb9daf6ce804,MPX_2351521,"Monoprix eau minérale des alpes le pack de 6x1,5L",2.09,0.23,"['Boissons et Lait', 'Eau', 'Eau plate']",Monoprix,True,False,false,1.0,MONTH,6 x 1.5L,[],https://courses.monoprix.fr/images-v3/0c44253f-c4a3-4340-9d37-d41e42b9d14a/01bcf9a7-e1ee-4461-b031-2e492180c6a9/300x300.jpg
Nos recettes,cfc4003a-a83f-4678-8353-6817d41e1dab,MPX_1847525,Kara Lait De Coco Fluide 200ml,1.65,8.25,"['Produits du monde', 'Asie 亚洲', 'Lait et Crème de coco']",Kara,True,False,false,1.0,MONTH,200ml,"['Produit halal', 'Produit casher']",https://courses.monoprix.fr/images-v3/0c44253f-c4a3-4340-9d37-d41e42b9d14a/b23b4fe0-edc0-4b64-9b24-0206063a7320/300x300.jpg
Nos recettes,47ce7a00-b981-415c-88f5-36694577f628,MPX_1681325,Monoprix Comté Râpé 140g,2.89,20.64,"['Nos sélections', 'Inspiration du moment', 'Nos coups de coeur Origine France']",Monoprix,True,False,false,2.0,WEEK,140g,[],https://courses.monoprix.fr/images-v3/0c44253f-c4a3-4340-9d37-d41e42b9d14a/7d0e3c3c-fb42-4641-84a5-8d2b8a3866b7/300x300.jpg
Nos recettes,c801a570-bd83-4da8-94a4-c7c09f864702,MPX_1044803,Monoprix Gourmet Mozzarella De Bufala 150g,3.05,20.33,"['Nos sélections', 'Inspiration du moment', '& Frigo vide', 'Produits laitiers et Œufs']",Monoprix Gourmet,True,False,false,5.0,DAY,150g,[],https://courses.monoprix.fr/images-v3/0c44253f-c4a3-4340-9d37-d41e42b9d14a/5ae49b6f-3954-4c19-9850-67094622b8b9/300x300.jpg
Nos recettes,a0a8b2c2-8431-4e05-b264-38e3d6ea7d34,MPX_3635643,Monoprix Oeufs de Poules Elevées en Plein Air x6,2.39,0.4,"['Nos sélections', 'Inspiration du moment', '& Sélection petit déjeuner', 'Produits laitiers et œufs']",Monoprix,True,False,false,1.0,WEEK,6 par pack,[],https://courses.monoprix.fr/images-v3/0c44253f-c4a3-4340-9d37-d41e42b9d14a/01029a5b-01c8-4701-9776-8987b060fc21/300x300.jpg
Nos recettes,f46046ce-1f8e-4521-905e-648e0c58dc92,MPX_3822599,Monoprix Filets Poulet 2x120g,4.01,16.69,"['Boucherie et Volaille', 'Volaille', 'Poulet']",Monoprix,True,False,false,4.0,DAY,240,[],https://courses.monoprix.fr/images-v3/0c44253f-c4a3-4340-9d37-d41e42b9d14a/1a1e7c51-6990-4bd6-b840-03c9bdb772bd/300x300.jpg
Nos recettes,74a39287-023c-457f-8f3f-b80dbd040038,MPX_1120134,Monoprix beurre demi-sel 250g,2.45,9.8,"['Nos sélections', 'Inspiration du moment', '& Frigo vide', 'Produits laitiers et Œufs']",Monoprix,True,False,false,2.0,WEEK,250g,[],https://courses.monoprix.fr/images-v3/0c44253f-c4a3-4340-9d37-d41e42b9d14a/95211356-3c6a-4b2d-bc63-3078c6bcd2c9/300x300.jpg
Nos recettes,38287147-6439-401b-8840-570c1b0b81d7,MPX_1350541,Monoprix épinards en branches 1 kg,1.35,1.35,"['Nos sélections', 'Inspiration du moment', '& Sélection gros formats', 'Surgelés']",Monoprix,True,False,false,6.0,MONTH,1kg,['Produit congelé'],https://courses.monoprix.fr/images-v3/0c44253f-c4a3-4340-9d37-d41e42b9d14a/db70e36f-31af-46eb-a871-c0dc85143d80/300x300.jpg
Nos recettes,5541423c-075d-43bb-9116-8a41124429a7,MPX_1419911,Monoprix Gourmet Cuisses De Poulet Fermier Jaune Du Gers X2 600G,6.43,11.69,"['Boucherie et Volaille', 'Volaille', 'Poulet']",Monoprix Gourmet,True,False,false,3.0,DAY,550,[],https://courses.monoprix.fr/images-v3/0c44253f-c4a3-4340-9d37-d41e42b9d14a/d186e3b9-d44c-4cad-9303-c39f51513bc1/300x300.jpg
Nos recettes,c3613106-7d2c-45a2-b2ee-8238496370ce,MPX_3822597,Monoprix Cuisses De Poulet X4 1Kg,7.58,6.89,"['Boucherie et Volaille', 'Volaille', 'Poulet']",Monoprix,True,False,false,4.0,DAY,1.1,[],https://courses.monoprix.fr/images-v3/0c44253f-c4a3-4340-9d37-d41e42b9d14a/01109aaa-c43c-465f-845e-a3585759bad4/300x300.jpg
Nos recettes,79264750-7d80-4d8c-a708-cd85994c6d3a,MPX_3232443,Monoprix Gourmet Viande des grisons 70g,6.35,90.71,"['Nos sélections', 'Inspiration du moment', 'Sélection Charcuterie et Fromage']",Monoprix Gourmet,True,False,false,3.0,WEEK,70g,[],https://courses.monoprix.fr/images-v3/0c44253f-c4a3-4340-9d37-d41e42b9d14a/43631ce5-ab8c-425f-b014-9530622736b0/300x300.jpg
Nos recettes,e4c23c39-5902-4ea5-9402-bec1b328ec01,MPX_2560377,Monoprix Gourmet jambon de parme a.o.p affiné 70g,5.35,76.43,"['Nos sélections', 'Inspiration du moment', 'Sélection Charcuterie et Fromage']",Monoprix Gourmet,True,False,false,2.0,WEEK,70g,[],https://courses.monoprix.fr/images-v3/0c44253f-c4a3-4340-9d37-d41e42b9d14a/c3dd6ec5-5979-4247-91fc-1a0170259120/300x300.jpg
Nos recettes,d91d3aab-de04-42b7-abcb-4fa8aa644f5d,MPX_3330881,Monoprix Bio choux fleurs surgelés bio 600g,3.39,5.65,"['Surgelés', 'Légumes surgelés', 'Légumes surgelés bio']",Monoprix Bio,True,False,false,2.0,MONTH,600g,"['Produit congelé', 'Produit bio']",https://courses.monoprix.fr/images-v3/0c44253f-c4a3-4340-9d37-d41e42b9d14a/c85cd7ff-908e-4625-842c-274c319d6015/300x300.jpg
Nos recettes,da85c619-3dfd-442d-bf63-3546f2f36190,MPX_5313189,Monoprix Moutarde de Dijon 280g,1.69,6.04,"['Nos recettes', 'Recettes Végétariennes', '& Salade Kale, grenade et yaourt grec fouetté']",Monoprix,True,False,false,2.0,MONTH,280g,[],https://courses.monoprix.fr/images-v3/0c44253f-c4a3-4340-9d37-d41e42b9d14a/a1a666dc-66a3-46ba-9b8a-e79e486ec6f6/300x300.jpg
Nos recettes,fe41473d-6a99-417e-9b51-3902e2cc38d9,MPX_808910,Monoprix Tous Cultiv'Acteurs Pomme de Terre Grenaille 1kg,3.49,3.49,"['Fruits & Légumes', 'Monoprix Tous Cultiv’Acteurs', 'Légumes']",Monoprix Tous Cultiv'Acteurs,True,False,false,4.0,DAY,1kg,[],https://courses.monoprix.fr/images-v3/0c44253f-c4a3-4340-9d37-d41e42b9d14a/d0e7b003-d732-4a3a-8874-9af265922a9d/300x300.jpg
Nos recettes,72beec3b-642f-4981-9261-6ae76b236f6a,MPX_725669,Monoprix Bio steak haché 15% le paquet de 350g,6.49,18.54,"['Bio', 'Boucherie et Volaille bio', 'Boucherie bio']",Monoprix Bio,True,False,false,2.0,DAY,350g,['Produit bio'],https://courses.monoprix.fr/images-v3/0c44253f-c4a3-4340-9d37-d41e42b9d14a/fa29011c-dbca-41e8-83e6-31074d15ac71/300x300.jpg
Nos recettes,5d6ef164-c557-42ba-aed3-cf854a8f6a69,MPX_343134,Monoprix Bio Vinaigre de cidre 50cl,1.99,3.98,"['Nos sélections', 'Inspiration du moment', 'Nos coups de coeur Origine France']",Monoprix Bio,True,False,false,,,500ml,['Produit bio'],https://courses.monoprix.fr/images-v3/0c44253f-c4a3-4340-9d37-d41e42b9d14a/ba77c80b-3b80-42da-8915-bd370be7c30f/300x300.jpg
Nos recettes,38af7156-f810-4583-9b78-b1c640c00926,MPX_1260305,Monoprix Gourmet Tomates séchées 125g,4.25,34.0,"['Epicerie Salée', 'Produit apéritif', 'Olive et Légume mariné', 'Légume mariné']",Monoprix Gourmet,True,False,false,6.0,MONTH,125g,[],https://courses.monoprix.fr/images-v3/0c44253f-c4a3-4340-9d37-d41e42b9d14a/0aa65fec-076f-4e9e-ad83-d9b3b7419449/300x300.jpg
Nos recettes,e99b14b0-fdc2-4e9f-aa61-c34537d400e1,MPX_1250042,Monoprix Nouilles Recette Asiatique aux Oeufs 250g,1.39,5.56,"['Produits du monde', 'Asie 亚洲', 'Nouilles et Vermicelles']",Monoprix,True,False,false,6.0,MONTH,250g,[],https://courses.monoprix.fr/images-v3/0c44253f-c4a3-4340-9d37-d41e42b9d14a/20d8d24b-a5cb-4c04-bd7c-9b70d14a7322/300x300.jpg
Nos recettes,3bdb609a-0fe2-457c-9cb9-63972375fb0c,MPX_2875280,RichesMonts La Raclette Fromage Classique 420g,6.85,16.31,"['Produits Laitiers, Œufs et Fromages', 'Fromages à cuisiner, raclettes et apéritifs', 'Raclette, Tartiflette et Fondue']",Riches monts,True,False,false,1.0,WEEK,420g,[],https://courses.monoprix.fr/images-v3/0c44253f-c4a3-4340-9d37-d41e42b9d14a/1d72d5bb-8f7f-496c-a595-a27335eb32d1/300x300.jpg
Nos recettes,f9d83eb7-293b-4447-8840-58d17dc80422,MPX_3705792,Monoprix Bio Soja Cuisine en brique 3 x 20cl,3.45,5.75,"['Bio', 'Crèmerie bio', 'Crème bio']",Monoprix Bio,True,False,false,2.0,MONTH,3 x 20cl,[],https://courses.monoprix.fr/images-v3/0c44253f-c4a3-4340-9d37-d41e42b9d14a/6faa9604-5227-470e-aab9-ba4c80e1a683/300x300.jpg
Nos recettes,25d83142-2838-4bc1-b7be-82c2b4172a7e,MPX_4200425,Florelli riz arborio spécial risotto 500g,2.75,5.5,"['Nos recettes', 'Recettes du Monde', '& Risotto aux cèpes']",Florelli,True,False,false,2.0,MONTH,500g,[],https://courses.monoprix.fr/images-v3/0c44253f-c4a3-4340-9d37-d41e42b9d14a/9e97d640-9c60-4f91-a39e-781a5999c3ba/300x300.jpg
Nos recettes,5149fc68-c09d-41a8-b0d0-cbc6f2f320e9,MPX_1171278,Monoprix Bio Riz Long Blanc 500G,2.49,4.98,"['Epicerie Salée', 'Pâte, Riz, Céréale et Purée', 'Pâte, Riz, Purée et Légume sec bio']",Monoprix Bio,True,False,false,6.0,MONTH,500g,['Produit bio'],https://courses.monoprix.fr/images-v3/0c44253f-c4a3-4340-9d37-d41e42b9d14a/dcde6fdf-3700-4138-8598-1385a335d6ce/300x300.jpg
Nos recettes,89fc8544-21a6-49d3-92dc-de6474edb355,MPX_2219743,Monoprix Petites crevettes cuites décortiquées 100g,1.99,19.9,"['Nos sélections', 'Inspiration du moment', '& Frigo vide', 'Produits de la mer']",Monoprix,True,False,false,6.0,DAY,100g,[],https://courses.monoprix.fr/images-v3/0c44253f-c4a3-4340-9d37-d41e42b9d14a/1acb5653-3b64-462b-b48b-01837202bd6b/300x300.jpg
Nos recettes,6bd45013-16f4-4761-9fc5-dbd5663945e7,MPX_2292903,Monoprix Pain Maxi Hamburger x2 165g,1.29,7.82,"['Nos recettes', 'Recettes du Monde', '& Le burger facile']",Monoprix,True,False,false,2.0,WEEK,165g,[],https://courses.monoprix.fr/images-v3/0c44253f-c4a3-4340-9d37-d41e42b9d14a/87a94ca8-d240-4fa8-8f82-a72cf8ef392f/300x300.jpg
Nos recettes,2ebf15f1-3567-45e6-9588-a8b814f4f91f,MPX_2307205,Jardin Du Midi Basilic 20g,1.69,84.5,"['Fruits & Légumes', 'Légumes Frais', 'Herbes Aromatiques et Epices']",Jardin Du Midi,True,False,false,1.0,DAY,20g,[],https://courses.monoprix.fr/images-v3/0c44253f-c4a3-4340-9d37-d41e42b9d14a/9de8e3c0-7294-45e0-896c-033d5f0361b5/300x300.jpg
Nos recettes,e1876115-7dee-414d-9dfd-ee7cc72e1d53,MPX_3939048,Bridelight Crème UHT Semi-épaisse Légère 4% MG Briques 3x20cl,3.19,5.32,"['Produits Laitiers, Œufs et Fromages', 'Crèmes et Chantilly', 'Crème fraîche']",Bridélight,True,False,false,4.0,WEEK,3 x 20cl,['Produit végétarien'],https://courses.monoprix.fr/images-v3/0c44253f-c4a3-4340-9d37-d41e42b9d14a/5a4f07de-8a54-44ce-a546-4d33e665a801/300x300.jpg
Nos recettes,fcf38f23-2ab7-4b84-88e1-bb2ca9cac3a5,MPX_1816533,Monoprix beurre moulé doux 500g,5.49,10.98,"['Nos sélections', 'Inspiration du moment', '& Sélection gros formats', 'Crèmerie']",Monoprix,True,False,false,2.0,WEEK,500g,[],https://courses.monoprix.fr/images-v3/0c44253f-c4a3-4340-9d37-d41e42b9d14a/f2d5c693-6615-400a-ae30-fec43638cfd7/300x300.jpg
Nos recettes,e9d09637-ed60-4545-ab19-d0602ebe3ef9,MPX_1176559,Maizena Fleur de Maïs 400g,1.99,4.98,"['Nos recettes', 'Recettes Gastronomie Française', '& Gigot au chocolat']",Maizena,True,False,false,2.0,MONTH,400g,['Produit vegan'],https://courses.monoprix.fr/images-v3/0c44253f-c4a3-4340-9d37-d41e42b9d14a/ea160117-e2f8-4f4f-93f8-fdff85d7fa2f/300x300.jpg
Nos recettes,42f8e0f2-25c9-4fab-b6aa-8da1167e7d9d,MPX_2496189,Persil Plat 20g,1.69,1.69,"['Fruits & Légumes', 'Prêts à consommer', 'Herbes Aromatiques et Epices']",Jardin Du Midi,True,False,false,1.0,DAY,,[],https://courses.monoprix.fr/images-v3/0c44253f-c4a3-4340-9d37-d41e42b9d14a/b1347794-2712-4f4d-9236-884e1a4fb09d/300x300.jpg
Nos recettes,f4b017e4-2d33-450f-98a9-6d1d376436aa,MPX_3033160,Monoprix Gourmet Burrata di Bufala 125g,3.25,26.0,"['Produits du monde', 'Italie - Italia', 'Mozzarella, Parmesan, Burrata et Ricotta']",Monoprix Gourmet,True,False,false,4.0,DAY,125g,[],https://courses.monoprix.fr/images-v3/0c44253f-c4a3-4340-9d37-d41e42b9d14a/454738dd-f4bc-4825-becf-c7d86341329e/300x300.jpg
Nos recettes,98b5a16c-11dc-4271-badb-83109de6c329,MPX_2035671,Monoprix Bio Mozzarella di Bufala Campana AOP 125g,3.69,29.52,"['Bio', 'Crèmerie bio', 'Fromage bio']",Monoprix Bio,True,False,false,1.0,WEEK,125g,['Produit bio'],https://courses.monoprix.fr/images-v3/0c44253f-c4a3-4340-9d37-d41e42b9d14a/09c04ecc-1963-475c-af27-45536d2ef890/300x300.jpg
Nos recettes,295f1c88-36a5-453e-ae86-7bcbc722835e,MPX_1242307,Monoprix Crème fleurette 30% MG origine France 50cl,2.35,4.7,"['Produits Laitiers, Œufs et Fromages', 'Crèmes et Chantilly', 'Crème fraîche']",Monoprix,True,False,false,6.0,DAY,500ml,[],https://courses.monoprix.fr/images-v3/0c44253f-c4a3-4340-9d37-d41e42b9d14a/ffbd1b6d-14a2-481e-bc0f-d656dcf9015a/300x300.jpg
Nos recettes,2a107de9-21e4-4232-b041-8fdcfbcf38f2,MPX_3379843,Monoprix Bio mâche et roquette 100g,2.49,24.9,"['Bio', 'Fruit et Légume bio', 'Légume frais bio']",Monoprix Bio,True,False,false,2.0,DAY,100g,['Produit bio'],https://courses.monoprix.fr/images-v3/0c44253f-c4a3-4340-9d37-d41e42b9d14a/9034b8c1-449f-44bb-b126-ca6fce2f2368/300x300.jpg
Nos recettes,f0dbd3be-0e5e-4de7-803d-3247b3a2262a,MPX_1169997,"Paul Buisse Sauvignon De Touraine Aop, Blanc 75cl",5.1,6.8,"['Nos recettes', 'Recettes de Chefs', '&Danny Khezzar - Recette sauce sabayon au beurre de cèpes']",PAUL BUISSE,True,False,false,,,750ml,[],https://courses.monoprix.fr/images-v3/0c44253f-c4a3-4340-9d37-d41e42b9d14a/9f0dfc69-aa28-4fee-be7e-6ef285ca8c1f/300x300.jpg
Nos recettes,6b4640dd-004e-4fd9-8bd6-fd0789820c2f,MPX_966418,Florette coriandre 11g,1.99,180.91,"['Fruits & Légumes', 'Légumes Frais', 'Herbes Aromatiques et Epices']",Florette,True,False,false,1.0,DAY,11g,[],https://courses.monoprix.fr/images-v3/0c44253f-c4a3-4340-9d37-d41e42b9d14a/2a8639c9-b159-45ea-b15d-ca476a0d8a32/300x300.jpg
Nos recettes,80528ea6-96fb-44be-bea2-1185465a93d1,MPX_1260306,Monoprix Gourmet Artichauts grillés 170g,5.29,31.12,"['Epicerie Salée', 'Produit apéritif', 'Olive et Légume mariné', 'Légume mariné']",Monoprix Gourmet,True,False,false,6.0,MONTH,170g,[],https://courses.monoprix.fr/images-v3/0c44253f-c4a3-4340-9d37-d41e42b9d14a/ee70e52a-0772-4d2f-96e1-b051d2a7e944/300x300.jpg
Nos recettes,53df31a0-1703-4c39-a586-691cf915c88c,MPX_162961,Monoprix Gourmet poulet fermier jaune du gers igp label rouge 1.5kg,13.47,9.29,"['Boucherie et Volaille', 'Volaille', 'Poulet']",Monoprix Gourmet,True,False,false,2.0,DAY,1.45,[],https://courses.monoprix.fr/images-v3/0c44253f-c4a3-4340-9d37-d41e42b9d14a/233949e2-5c0d-411f-8442-9b9673a9b16f/300x300.jpg
Nos recettes,f4c6553c-1e42-476f-802e-2eb4170fd27b,MPX_3343640,Monoprix Bio Coulis de tomate bio 350g,1.79,5.11,"['Nos recettes', 'Recettes de Chefs', '& Linguine tomates burrata bacon']",Monoprix Bio,True,False,false,1.0,YEAR,350g,['Produit bio'],https://courses.monoprix.fr/images-v3/0c44253f-c4a3-4340-9d37-d41e42b9d14a/6e7f7390-6124-40fe-9509-965da791a068/300x300.jpg
Nos recettes,c9f6cc02-defb-4ae8-9b29-692cbe245bb3,MPX_2160141,Monoprix 6 Pains Pita 400G,2.59,6.48,"['Nos recettes', 'Recettes du Monde', '& Poivron farcis']",Monoprix,True,False,false,2.0,WEEK,400g,[],https://courses.monoprix.fr/images-v3/0c44253f-c4a3-4340-9d37-d41e42b9d14a/98006211-8876-4234-8569-7f0ca109222f/300x300.jpg
Nos recettes,04e9e891-3c73-4c4e-a66b-1df86352a52f,MPX_2699196,Monoprix fromage fondu hamburger x10 tranches 200g,1.39,6.95,"['Produits Laitiers, Œufs et Fromages', 'Fromages à cuisiner, raclettes et apéritifs', 'Fromages en tranches']",Monoprix,True,False,false,1.0,MONTH,200g,[],https://courses.monoprix.fr/images-v3/0c44253f-c4a3-4340-9d37-d41e42b9d14a/122b736b-4ad5-4113-a05f-43d19453a20c/300x300.jpg
Nos recettes,6951fd76-8760-406d-936b-db7f8f5021a4,MPX_80039,Florette ciboulette déjà lavée 11g,1.99,180.91,"['Fruits & Légumes', 'Légumes Frais', 'Herbes Aromatiques et Epices']",Florette,True,False,false,1.0,DAY,11g,[],https://courses.monoprix.fr/images-v3/0c44253f-c4a3-4340-9d37-d41e42b9d14a/4baaeb24-ebd6-4e7a-bb0d-a341b3370345/300x300.jpg
Nos recettes,d38dcfc8-e228-4669-9c11-20dd1a3b2d4b,MPX_2639251,Galbani Ricotta 250g,2.85,11.4,"['Produits Laitiers, Œufs et Fromages', 'Fromages à cuisiner, raclettes et apéritifs', 'Mozza, Feta et Burrata']",  GALBANI,True,False,false,1.0,WEEK,250g,[],https://courses.monoprix.fr/images-v3/0c44253f-c4a3-4340-9d37-d41e42b9d14a/ca202b05-5bad-4f4b-9d91-da80fa531101/300x300.jpg
Nos recettes,10c92839-4ab2-4626-ac8a-991ce7278bc6,MPX_1834782,Monoprix Gourmet Mayonnaise Gourmande 180g,2.39,13.28,"['Nos sélections', 'Inspiration du moment', '& Barbecue', 'Sauce et Assaisonnement']",Monoprix Gourmet,True,False,false,2.0,MONTH,180g,[],https://courses.monoprix.fr/images-v3/0c44253f-c4a3-4340-9d37-d41e42b9d14a/2e43ac7c-6e30-4e01-b670-dff2bbde141c/300x300.jpg
Nos recettes,6d584ff0-4f3a-42d2-a25c-4f5778a69763,MPX_3380261,Monoprix Coulis de tomates 420g,0.99,2.36,"['Nos sélections', 'Inspiration du moment', '& Frigo vide', 'Epicerie salée']",Monoprix,True,False,false,1.0,YEAR,420g,[],https://courses.monoprix.fr/images-v3/0c44253f-c4a3-4340-9d37-d41e42b9d14a/19952573-fbb9-4533-ab86-e6d780c906d8/300x300.jpg
Nos recettes,a4fc7df4-a21c-4b47-9100-ac723c9d8309,MPX_6541732,Amora moutarde forte de Dijon 430g,2.09,4.86,"['Nos recettes', 'Recettes de Chefs', '& Fusilloni sauce moutarde']",Amora,True,False,false,1.0,MONTH,430g,[],https://courses.monoprix.fr/images-v3/0c44253f-c4a3-4340-9d37-d41e42b9d14a/6a3dc8ac-18a8-4029-a26e-5c84d9ffd834/300x300.jpg
Nos recettes,b86426e6-e786-4c65-ae53-65623c7427f8,MPX_2441484,Monoprix Crevettes Entières Cuites 200g,4.0,20.0,"['La Halle', 'La Poissonnerie']",Monoprix,True,False,false,3.0,DAY,200g,[],https://courses.monoprix.fr/images-v3/0c44253f-c4a3-4340-9d37-d41e42b9d14a/1a065c7e-391e-4d49-b7be-e90cd6ef120f/300x300.jpg
Nos recettes,6a30e1ec-0ed6-41c1-b712-359555470768,MPX_886407,Seeberger Abricots Séchés 200G,3.99,19.95,"['Fruits & Légumes', 'Fruits Secs & Graines', 'Pruneaux, Raisins et Autres Fruits Secs']",Seeberger,True,False,false,2.0,MONTH,200g,[],https://courses.monoprix.fr/images-v3/0c44253f-c4a3-4340-9d37-d41e42b9d14a/0de04aef-73a4-4d8d-b849-044ddef0de9e/300x300.jpg
Nos recettes,16924802-c231-44a0-8b6e-64a7f18d521a,MPX_2751861,Monoprix Crispy bacon fumé au bois de hêtre 55g,4.25,77.27,"['Charcuterie et Traiteur', 'Charcuterie', 'Lardons, Dés et Poitrine', 'Poitrine']",Monoprix,True,False,false,2.0,WEEK,55g,[],https://courses.monoprix.fr/images-v3/0c44253f-c4a3-4340-9d37-d41e42b9d14a/96d64a99-75c2-4d27-b337-62496e3983d3/300x300.jpg
Nos recettes,63e9d5a0-07f8-4da5-a972-ac38eeee42bf,MPX_2107,Lesieur huile cœur de tournesol 1l,3.49,3.49,"['Nos recettes', 'Recettes de Chefs', ""& Linguine coques citron caviar d'encre de seiche""]",Lesieur,True,False,false,2.0,MONTH,1L,[],https://courses.monoprix.fr/images-v3/0c44253f-c4a3-4340-9d37-d41e42b9d14a/4963a146-d73a-4cde-95e3-9e80b3a076b4/300x300.jpg
Nos recettes,3354f7af-bfc7-43ad-b37d-3c93dc10e4a5,MPX_1863786,Monoprix chocolat au lait  3x100g,2.89,9.63,"['Nos recettes', 'Recettes de Chefs', '& Aurélien Cohen - Les cookies']",Monoprix,True,False,false,2.0,MONTH,3 x 100g,['Produit équitable'],https://courses.monoprix.fr/images-v3/0c44253f-c4a3-4340-9d37-d41e42b9d14a/b329b27d-ef30-4060-9ac7-978576c07517/300x300.jpg
Nos recettes,f66ffd97-9526-4766-8395-b2968ceefe90,MPX_1834128,Monoprix Bio Raisins Secs Sachet de 250g,2.99,11.96,"['Bio', 'Fruit et Légume bio', 'Fruit sec bio']",Monoprix Bio,True,False,false,2.0,MONTH,250g,['Produit bio'],https://courses.monoprix.fr/images-v3/0c44253f-c4a3-4340-9d37-d41e42b9d14a/14248b74-1e1b-4738-9891-bda229baafe2/300x300.jpg
Nos recettes,0a34c531-60b7-4b08-922d-0854b87fe30a,MPX_2307206,Monoprix Ciboulette 20g,1.69,1.69,"['Fruits & Légumes', 'Légumes Frais', 'Herbes Aromatiques et Epices', 'Ciboulette']",Monoprix,True,False,false,1.0,DAY,,[],https://courses.monoprix.fr/images-v3/0c44253f-c4a3-4340-9d37-d41e42b9d14a/1aa5641f-8350-4df1-9f29-805c6d673ee8/300x300.jpg
Nos recettes,8cbf159e-d68a-404a-9e2f-b4ff2f23607b,MPX_122562,Florette champignons de paris émincés 250g,3.99,15.96,"['Fruits & Légumes', 'Prêts à consommer', 'Crudités']",Florette,True,False,false,1.0,DAY,250g,[],https://courses.monoprix.fr/images-v3/0c44253f-c4a3-4340-9d37-d41e42b9d14a/948db2e8-e7e3-4de7-8528-07c22602df7c/300x300.jpg
Nos recettes,3ec3c9e4-5d4d-4621-a2e1-bd4fdbed6239,MPX_164830,Monoprix Boudoirs aux oeufs Frais Croquants et Fondants 175g,1.29,7.37,"['Nos sélections', 'Inspiration du moment', 'Nos coups de coeur Origine France']",Monoprix,True,False,false,2.0,MONTH,175g,[],https://courses.monoprix.fr/images-v3/0c44253f-c4a3-4340-9d37-d41e42b9d14a/7d9610f3-ccff-4d35-93fa-5558a3549fc6/300x300.jpg
Nos recettes,75e30ff4-b692-4be0-b121-187ffd2be18e,MPX_570268,Monoprix Bio Chou Fleur Bio 1 Pièce,3.49,3.49,"['Fruits & Légumes', 'Légumes Frais', 'Choux et Poireaux', 'Chou']",Monoprix Bio,True,False,false,2.0,DAY,,['Produit bio'],https://courses.monoprix.fr/images-v3/0c44253f-c4a3-4340-9d37-d41e42b9d14a/f817d463-76da-45c9-aade-da6d2932ba60/300x300.jpg
Nos recettes,cf899473-b3f2-436c-905c-bf178eb04100,MPX_80050,Florette chou blanc 250g,1.79,7.16,"['Fruits & Légumes', 'Légumes Frais', 'Légumes de saison']",Florette,True,False,false,2.0,DAY,250g,[],https://courses.monoprix.fr/images-v3/0c44253f-c4a3-4340-9d37-d41e42b9d14a/f588d8eb-9799-4603-9e97-95e1124828ac/300x300.jpg
Nos recettes,eb234463-8436-4273-97dc-6c2aed23755a,MPX_3670539,Monoprix Bio Trio de Quinoa 400g,3.99,9.98,"['Epicerie Salée', 'Pâte, Riz, Céréale et Purée', 'Pâte, Riz, Purée et Légume sec bio']",Monoprix Bio,True,False,false,6.0,MONTH,400g,['Produit bio'],https://courses.monoprix.fr/images-v3/0c44253f-c4a3-4340-9d37-d41e42b9d14a/814e8d84-8e0f-4eb1-a4cc-d0d122419410/300x300.jpg
Nos recettes,ccb35d28-334b-4482-a74b-7da39b1e2d92,MPX_576726,Monoprix Bio Origines Cuisses De Poulet Fermier Bio X2,8.96,16.29,"['Bio', 'Boucherie et Volaille bio', 'Volaille bio']",Monoprix Bio Origines,True,False,false,4.0,DAY,550,['Produit bio'],https://courses.monoprix.fr/images-v3/0c44253f-c4a3-4340-9d37-d41e42b9d14a/2c66c378-ec16-4076-8472-d053a34f55d5/300x300.jpg
Nos recettes,0c19514d-6b6d-417d-86a3-19a8858b350c,MPX_1248868,Kikkoman Sauce Soja 150ml,5.29,35.27,"['Produits du monde', 'Asie 亚洲', 'Sauce soja, Nems et Nuoc mam']",Kikkoman,True,False,false,1.0,YEAR,150ml,[],https://courses.monoprix.fr/images-v3/0c44253f-c4a3-4340-9d37-d41e42b9d14a/d28890d4-68ad-4673-a1da-e284aed34a2d/300x300.jpg
Nos recettes,e5619d1f-9c57-452b-af06-b481b5cacc46,MPX_1892679,Monoprix Gourmet Mini Gâches Nature 360G,3.29,9.14,"['Pain et Viennoiserie', 'Pain au lait et Brioche', 'Gâche et Navette']",Monoprix Gourmet,True,False,false,1.0,WEEK,360g,[],https://courses.monoprix.fr/images-v3/0c44253f-c4a3-4340-9d37-d41e42b9d14a/0a295579-cf1a-4fbd-b3e8-95f7c24c19a6/300x300.jpg
Nos recettes,570f1a56-775d-4a07-ba91-6c5fab5b848e,MPX_3960044,Natoora Radis Rose Botte - CAT:I - 1 Botte,2.99,2.99,"['Fruits & Légumes', 'Natoora le Primeur', 'Légumes, Salades et Herbes']",Natoora,True,False,false,3.0,DAY,,[],https://courses.monoprix.fr/images-v3/0c44253f-c4a3-4340-9d37-d41e42b9d14a/4c0671cc-7b61-4b02-94af-1af6f4a1df41/300x300.jpg
Nos recettes,7d48e10b-3862-4892-a271-0657f4701f27,MPX_1044921,"Monoprix Riz Long Grain Incollable, Prêt en 10 minutes 1Kg",2.25,2.25,"['Nos recettes', 'Recettes de Chefs', '&Danny Khezzar - Recette poulet sauce poulette au Beurre ail et persil']",Monoprix,True,False,false,6.0,MONTH,1kg,[],https://courses.monoprix.fr/images-v3/0c44253f-c4a3-4340-9d37-d41e42b9d14a/4fff1354-c81f-4de9-b087-4733524ec303/300x300.jpg
Nos recettes,02400185-a52e-4644-ba03-bcb32b8ace96,MPX_3873217,Monoprix Pâte à Pizza Epaisse Rectangulaire 500g,2.69,5.38,"['Nos recettes', 'Recettes du Monde', '& Pizza Chorizo Mozzarella Roquette']",Monoprix,True,False,false,1.0,WEEK,500g,[],https://courses.monoprix.fr/images-v3/0c44253f-c4a3-4340-9d37-d41e42b9d14a/5782d6b9-4b5f-45b8-a49e-14ed68aa70a0/300x300.jpg
Nos recettes,5da787e3-91e8-4849-a41a-f7ffc9dcd003,MPX_3513335,Florette champignons de paris 130g,2.59,19.92,"['Fruits & Légumes', 'Légumes Frais', 'Champignons']",Florette,True,False,false,1.0,DAY,130g,[],https://courses.monoprix.fr/images-v3/0c44253f-c4a3-4340-9d37-d41e42b9d14a/c9c79dd0-493a-46fa-99a5-f8ee22343ffb/300x300.jpg
Nos recettes,1e78322f-f2b6-4f86-a315-46229628e49f,MPX_3961489,Ducros Moulin de Poivre Noir 35g,3.79,108.29,"['Nos recettes', 'Recettes de Chefs', '& Fusilloni sauce moutarde']",Ducros,True,False,false,6.0,MONTH,35g,[],https://courses.monoprix.fr/images-v3/0c44253f-c4a3-4340-9d37-d41e42b9d14a/627c94d1-ba08-4b20-95ce-2c0b6a63c900/300x300.jpg
Nos recettes,22d3f8a9-c61c-4438-990d-a593129b53fc,MPX_2118519,Monoprix Bio Pistaches grillées et salées 100g,4.85,48.5,"['Epicerie Salée', 'Produit apéritif', 'Cacahuète, Noix, Amande et Pistache', 'Amande et Pistache']",Monoprix Bio,True,False,false,2.0,MONTH,100g,['Produit bio'],https://courses.monoprix.fr/images-v3/0c44253f-c4a3-4340-9d37-d41e42b9d14a/90a2535a-00b4-427d-9e7d-d4d8563e3ff5/300x300.jpg
Nos recettes,e6e8e13a-281a-46bd-8098-8f8bf0ea92e1,MPX_1848054,Monoprix Bio Chocolat au lait dégustation 40% de cacao 100g,1.99,19.9,"['Nos recettes', 'Recettes de Chefs', '& Aurélien Cohen - Les cookies']",Monoprix Bio,True,False,false,2.0,MONTH,100g,"['Produit équitable', 'Produit bio']",https://courses.monoprix.fr/images-v3/0c44253f-c4a3-4340-9d37-d41e42b9d14a/b55dc8c8-6fdd-4b86-b529-ca0c2a29b713/300x300.jpg
Nos recettes,b18abcc9-f45c-4eb4-824c-5f1ec797407f,MPX_154466,Galbani Mascarpone 250g,3.79,15.16,"['Produits Laitiers, Œufs et Fromages', 'Fromages à cuisiner, raclettes et apéritifs', 'Mozza, Feta et Burrata']",Galbani,True,False,false,2.0,WEEK,250g,[],https://courses.monoprix.fr/images-v3/0c44253f-c4a3-4340-9d37-d41e42b9d14a/4fb5236f-c815-4823-9941-4029f2a2e038/300x300.jpg
Nos recettes,abd243ac-c10d-4c2d-89f2-55a09b2bc698,MPX_1630,La Baleine sel fin iodé fluoré salière 125g,0.65,5.2,"['Nos recettes', 'Recettes Gastronomie Française', '& Gigot au miel']",La baleine,True,False,false,,,125g,[],https://courses.monoprix.fr/images-v3/0c44253f-c4a3-4340-9d37-d41e42b9d14a/c808cb53-948e-4765-b576-56f9d0b50036/300x300.jpg
Nos recettes,fb78347a-4e08-46fd-b6eb-dc3e6102961d,MPX_1726612,Framboise Bio 125g,3.99,31.92,"['Fruits & Légumes', 'Fruits Frais', 'Fruits Bio']",Naturalia,True,False,false,2.0,DAY,125g,['Produit bio'],https://courses.monoprix.fr/images-v3/0c44253f-c4a3-4340-9d37-d41e42b9d14a/f7309b64-3be0-45a1-befd-9aa04251079e/300x300.jpg
Nos recettes,edd978db-8bf1-48bb-8dc8-c9c7ab297ba0,MPX_3753743,Darégal ail bio 75g,3.79,50.53,"['Surgelés', 'Légumes surgelés', 'Légumes surgelés bio']",Darégal,True,False,false,1.0,YEAR,75g,"['Produit congelé', 'Produit bio']",https://courses.monoprix.fr/images-v3/0c44253f-c4a3-4340-9d37-d41e42b9d14a/741a7c4c-7fa7-4c3e-a1c3-61b161073d50/300x300.jpg
Nos recettes,8e50a2ac-530e-4696-af48-f9137fda7ef8,MPX_2506934,Monoprix Gourmet Jambon Serrano Affiné 16 Mois Minimum 80G,3.95,49.38,"['Nos sélections', 'Inspiration du moment', 'Sélection Charcuterie et Fromage']",Monoprix Gourmet,True,False,false,2.0,MONTH,80g,[],https://courses.monoprix.fr/images-v3/0c44253f-c4a3-4340-9d37-d41e42b9d14a/13871470-7137-44c7-adcc-d995ce424a5f/300x300.jpg
Nos recettes,fbae9942-6e8d-48c4-86f7-2d4d13a936c9,MPX_80054,Mâche La Barquette 150G,1.3,8.67,"['Fruits & Légumes', 'Prêts à consommer', 'Salades']",P'tit Prix,True,False,false,3.0,DAY,150g,[],https://courses.monoprix.fr/images-v3/0c44253f-c4a3-4340-9d37-d41e42b9d14a/4c5549a8-361a-4efe-8af8-cb7f0745dc55/300x300.jpg
Nos recettes,9158a74a-350d-4dbd-a13a-78391e69fc73,MPX_3379734,Monoprix Bio Crème Fraîche Epaisse 30% de matières grasses 50cl,2.99,5.98,"['Bio', 'Crèmerie bio', 'Crème bio']",Monoprix Bio,True,False,false,1.0,WEEK,500ml,['Produit bio'],https://courses.monoprix.fr/images-v3/0c44253f-c4a3-4340-9d37-d41e42b9d14a/c123e20e-7bd4-466e-9e69-e0c9a11c933e/300x300.jpg
Nos recettes,2fe6f2f7-7df0-4cab-a5dd-09bf98fc6f04,MPX_2862524,Monoprix Bio Yaourt à la Grecque 2x150g,1.99,6.63,"['Bio', 'Crèmerie bio', 'Yaourt bio']",Monoprix Bio,True,False,false,1.0,WEEK,2 x 150g,['Produit bio'],https://courses.monoprix.fr/images-v3/0c44253f-c4a3-4340-9d37-d41e42b9d14a/91552087-dd89-45f7-bc2d-c1bb0922265d/300x300.jpg
Nos recettes,46a6e997-6a1a-465b-b71c-e911bca27739,MPX_80030,Florette Basilic 11G,1.99,180.91,"['Fruits & Légumes', 'Légumes Frais', 'Herbes Aromatiques et Epices']",Florette,True,False,false,1.0,DAY,11g,[],https://courses.monoprix.fr/images-v3/0c44253f-c4a3-4340-9d37-d41e42b9d14a/07b8e529-71c0-49be-ba56-8a6b820eb516/300x300.jpg
Nos recettes,b24610e3-a3ac-43a1-9667-46a7c64c5cc8,MPX_4337724,Monoprix Gourmet Gâche Tranchée Pur Beurre Crème Fraiche 450G,3.39,7.53,"['Pain et Viennoiserie', 'Pain au lait et Brioche', 'Brioche tranchée et Brioche tressée']",Monoprix Gourmet,True,False,false,1.0,WEEK,450g,[],https://courses.monoprix.fr/images-v3/0c44253f-c4a3-4340-9d37-d41e42b9d14a/b1f86a0e-2475-4a4d-b5f4-81f1e1e1eaf5/300x300.jpg
Nos recettes,b80e029f-e600-4c8f-bf7b-177a70402a61,MPX_3058938,Géant Vert Cœurs d'Artichauts 240g,3.99,16.63,"['Nos recettes', 'Recettes Végétariennes', '& Salade Healthy quinoa crudités']",Géant vert,True,False,false,1.0,YEAR,240g,['Produit vegan'],https://courses.monoprix.fr/images-v3/0c44253f-c4a3-4340-9d37-d41e42b9d14a/9f1c8e35-237a-4a8a-811b-d676a66d965b/300x300.jpg
Nos recettes,56eb77c2-c751-49ab-8b17-ffb41c527785,MPX_166186,Monoprix Tranches De Bacon 150G,3.25,21.67,"['Charcuterie et Traiteur', 'Charcuterie', 'Charcuterie sèche tranchée', 'Bacon, Salami et Mortadelle']",Monoprix,True,False,false,1.0,WEEK,150g,[],https://courses.monoprix.fr/images-v3/0c44253f-c4a3-4340-9d37-d41e42b9d14a/59e8cbc7-39d2-4ec4-b542-4d7fb24ef3c7/300x300.jpg
Nos recettes,3d2cdfeb-8d31-4c20-82c2-2d12631ebbb6,MPX_3487628,Monoprix Fromage de Chèvre Sainte-Maure 300g,3.19,10.63,"['Nos sélections', 'Inspiration du moment', 'Nos coups de coeur Origine France']",Monoprix,True,False,false,1.0,WEEK,300g,[],https://courses.monoprix.fr/images-v3/0c44253f-c4a3-4340-9d37-d41e42b9d14a/f54933a0-03dc-4c50-ae64-24115900554e/300x300.jpg
Nos recettes,2c4c0257-8b80-46cf-a01e-d41e0b9606ee,MPX_2426454,Monoprix Mozzarella Maxi Format 250g,1.85,7.4,"['Nos sélections', 'Inspiration du moment', '& Sélection gros formats', 'Crèmerie']",Monoprix,True,False,false,1.0,WEEK,250g,[],https://courses.monoprix.fr/images-v3/0c44253f-c4a3-4340-9d37-d41e42b9d14a/c3b18c3e-fdbc-4b55-b78f-9d9e43bfd69c/300x300.jpg
Nos recettes,7ce1e05d-2c5b-4bd6-a67f-3134f735821d,MPX_2201231,Maggi Bouillon KUB Volaille 180g,1.99,11.06,"['Nos recettes', 'Recettes Gastronomie Française', ""& Soupe à l'oignon""]",MAGGI,True,False,false,2.0,MONTH,180g,[],https://courses.monoprix.fr/images-v3/0c44253f-c4a3-4340-9d37-d41e42b9d14a/9749af20-18bc-4ffd-b227-b7aa7cda92d4/300x300.jpg
Nos recettes,fd47ba42-b699-474c-a6cf-f26de5c215f6,MPX_3729900,Beyond Meat Beyond Burger 2x113g,4.99,21.98,"['Régimes alimentaires', 'Végétal', 'Protéine végétale']",Beyond meat,True,False,false,3.0,DAY,227g,[],https://courses.monoprix.fr/images-v3/0c44253f-c4a3-4340-9d37-d41e42b9d14a/85a4f8a0-3b45-4a3f-ac36-15f28e55ae52/300x300.jpg
Nos recettes,5fbf61df-b120-46c1-af7a-a061e82a768b,MPX_6644723,Monoprix Bio Lait Frais Demi-Ecrémé 1L,1.89,1.89,"['Produits Laitiers, Œufs et Fromages', 'Laits', 'Lait UHT demi-écrémé']",MONOP BIOLOGIQUE,True,False,false,5.0,DAY,1L,['Produit bio'],https://courses.monoprix.fr/images-v3/0c44253f-c4a3-4340-9d37-d41e42b9d14a/3ffd0e4d-5101-4e9d-ad61-7579b309ee08/300x300.jpg
Nos recettes,015a4215-ed5a-4b64-83c6-f251d358605b,MPX_1513863,Kikkoman Sauce Soja Moins Salé 150Ml,5.45,36.33,"['Produits du monde', 'Asie 亚洲', 'Sauce soja, Nems et Nuoc mam']",Kikkoman,True,False,false,1.0,YEAR,150ml,[],https://courses.monoprix.fr/images-v3/0c44253f-c4a3-4340-9d37-d41e42b9d14a/7bd340f9-431b-4ef8-919e-405cfb250fa1/300x300.jpg
Nos recettes,10694c57-ed34-4e87-b5bc-7d935a807850,MPX_3960043,Natoora Persil Frisé - 80gr,1.55,1.55,"['Fruits & Légumes', 'Natoora le Primeur', 'Légumes, Salades et Herbes']",Natoora,True,False,false,3.0,DAY,,[],https://courses.monoprix.fr/images-v3/0c44253f-c4a3-4340-9d37-d41e42b9d14a/8d4eecd4-31bb-40f0-99c9-77845029042b/300x300.jpg
Nos recettes,6b5e59c8-e797-40cc-b483-eef01cb46533,MPX_162962,Monoprix Gourmet poulet fermier blanc du gers label rouge 1.5kg,13.47,9.29,"['Boucherie et Volaille', 'Volaille', 'Poulet']",Monoprix Gourmet,True,False,false,2.0,DAY,1.45,[],https://courses.monoprix.fr/images-v3/0c44253f-c4a3-4340-9d37-d41e42b9d14a/df45641a-302f-4d16-bb11-e689e20f6fc2/300x300.jpg
Nos recettes,74f39f16-30d8-4792-9c01-fd0e9722226d,MPX_1045406,Monoprix Gourmet Lait Frais Micro Filtré Entier 1L,2.15,2.15,"['Boissons et Lait', 'Lait', 'Lait frais']",Monoprix Gourmet,True,False,false,5.0,DAY,1L,[],https://courses.monoprix.fr/images-v3/0c44253f-c4a3-4340-9d37-d41e42b9d14a/0db3ac0b-b041-46a4-8a72-14f081f8147c/300x300.jpg
Nos recettes,048ab581-d850-4fe5-a163-b154269cb833,MPX_80037,Florette menthe fraîche déjà lavée 11g,1.99,180.91,"['Fruits & Légumes', 'Légumes Frais', 'Herbes Aromatiques et Epices']",Florette,True,False,false,1.0,DAY,11g,[],https://courses.monoprix.fr/images-v3/0c44253f-c4a3-4340-9d37-d41e42b9d14a/1665637e-16f3-4c6c-9dcf-ec6e68ee8c2c/300x300.jpg
Nos recettes,d9b9ed72-2555-4f6c-b7b2-f07827f7d685,MPX_2536635,Bonduelle roquette 145g,2.39,16.48,"['Fruits & Légumes', 'Prêts à consommer', 'Salades']",Bonduelle,True,False,false,3.0,DAY,145g,"['Produit végétarien', 'Produit vegan']",https://courses.monoprix.fr/images-v3/0c44253f-c4a3-4340-9d37-d41e42b9d14a/b1737643-0760-4c13-8649-ed5d8add25a2/300x300.jpg
Nos recettes,d0125869-b7ba-495a-85c9-edcac4d344db,MPX_874206,Salade Iceberg,1.79,1.79,"['Fruits & Légumes', 'Prêts à consommer', 'Salades']",Monoprix,True,False,false,1.0,DAY,,[],https://courses.monoprix.fr/images-v3/0c44253f-c4a3-4340-9d37-d41e42b9d14a/a166b824-9cb5-41d7-b67a-d094a2c9f1bd/300x300.jpg
Nos recettes,973a8899-5f93-4b53-ad6a-2cf27c9eae26,MPX_2172000,La Baleine Bicarbonate alimentaire étui carton 800g,3.29,4.11,"['Nos recettes', 'Recettes de Chefs', '& Aurélien Cohen - Les cookies']",La baleine,True,False,false,1.0,YEAR,800g,[],https://courses.monoprix.fr/images-v3/0c44253f-c4a3-4340-9d37-d41e42b9d14a/e40b34aa-5c7a-4f77-9ba2-74f5643aa6b4/300x300.jpg
Nos recettes,0e75a74d-0366-4e73-a2ea-e508a5b6c39e,MPX_2060145,Monoprix Jambon De Bayonne 100G,3.69,36.9,"['Charcuterie et Traiteur', 'Charcuterie', 'Jambon cru']",Monoprix,True,False,false,3.0,WEEK,100g,[],https://courses.monoprix.fr/images-v3/0c44253f-c4a3-4340-9d37-d41e42b9d14a/70224720-3ba9-4b19-92a3-6e54513d57e1/300x300.jpg
Nos recettes,612e4c59-72c9-49c8-a028-ae3f8d045f85,MPX_2506931,Monoprix Gourmet Chorizo Iberique 80G,3.49,43.63,"['Nos sélections', 'Inspiration du moment', 'Sélection Charcuterie et Fromage']",Monoprix Gourmet,True,False,false,2.0,MONTH,80g,[],https://courses.monoprix.fr/images-v3/0c44253f-c4a3-4340-9d37-d41e42b9d14a/cee2c6c1-5502-41b9-83ff-94e9cbcb0e59/300x300.jpg
Nos recettes,a87ac236-ab7a-4c2c-809e-f71a4a591239,MPX_2019811,Monoprix Bio Muesli croustillant chocolat noir 375g,3.95,10.53,"['Epicerie Sucrée', 'Céréale et Barre', 'Céréale et Barre bio']",Monoprix Bio,True,False,false,2.0,MONTH,375g,['Produit bio'],https://courses.monoprix.fr/images-v3/0c44253f-c4a3-4340-9d37-d41e42b9d14a/396bd9df-808d-4c9a-8148-f851bbe2759b/300x300.jpg
Nos recettes,d34ff4f6-72e4-46a7-929f-0047c873a2c5,MPX_1624302,Monoprix jeune pousse roquette 125g,1.3,10.4,"['Nos recettes', 'Recettes du Monde', '& Carpaccio Bresaola']",Monoprix,True,False,false,1.0,DAY,125g,[],https://courses.monoprix.fr/images-v3/0c44253f-c4a3-4340-9d37-d41e42b9d14a/c62ad094-7e33-4718-b847-eb977e484f43/300x300.jpg
Nos recettes,2a1e43a9-0c4e-46a1-aecb-a90ba7ec0d86,MPX_4124216,Natoora Menthe Fraiche - 40gr,1.4,35.0,"['Fruits & Légumes', 'Natoora le Primeur', 'Légumes, Salades et Herbes']",Natoora,True,False,false,1.0,DAY,40g,[],https://courses.monoprix.fr/images-v3/0c44253f-c4a3-4340-9d37-d41e42b9d14a/8da12f39-211e-4247-bbb8-3b4e2e5fb12f/300x300.jpg
Nos recettes,7224d13b-3582-4103-9d9c-155887839314,MPX_3960052,Natoora Pomelos Rose - 1 pièce - Calibre 40,1.59,1.59,"['Fruits & Légumes', 'Natoora le Primeur', 'Fruits']",Natoora,True,False,false,4.0,DAY,,[],https://courses.monoprix.fr/images-v3/0c44253f-c4a3-4340-9d37-d41e42b9d14a/fb474d81-7227-450a-b9fe-ce84bd675fb5/300x300.jpg
Nos recettes,f4aa2f7e-3fcf-4cf2-b5e2-4a2ac7d0ff45,MPX_1817387,Monoprix Dattes Deglet Nour Sèches 250g,2.79,11.16,"['Fruits & Légumes', 'Fruits Secs & Graines', 'Pruneaux, Raisins et Autres Fruits Secs']",Monoprix,True,False,false,2.0,MONTH,250g,[],https://courses.monoprix.fr/images-v3/0c44253f-c4a3-4340-9d37-d41e42b9d14a/8de869c1-4eda-4805-9c53-b560da113862/300x300.jpg
Nos recettes,9adb06f9-ca61-406b-8e9e-28cb60ddd125,MPX_2235766,Monoprix Bio crème fraîche fluide 30% 25cl,2.89,11.56,"['Bio', 'Crèmerie bio', 'Crème bio']",Monoprix Bio,True,False,false,1.0,WEEK,250ml,['Produit bio'],https://courses.monoprix.fr/images-v3/0c44253f-c4a3-4340-9d37-d41e42b9d14a/3d82bc7b-7b3c-4a21-a9a7-c113945e76cc/300x300.jpg
Nos recettes,6cc925f5-8f1d-44a1-aa60-b84baa20e12f,MPX_735695,Monoprix Craquelins au Son d'Avoine 200g,2.45,12.25,"['Nos recettes', 'Recettes Végétariennes', '& Petits chèvres frais panés']",Monoprix,True,False,false,1.0,MONTH,200g,[],https://courses.monoprix.fr/images-v3/0c44253f-c4a3-4340-9d37-d41e42b9d14a/c687c86f-fc9d-4f58-b179-748bf8c5cb7d/300x300.jpg
Nos recettes,e03809e1-d283-49b4-8c08-5282047a4ef3,MPX_4043233,Natoora Poivron - Rouge - XL - 1 pièce,4.85,4.85,"['Fruits & Légumes', 'Natoora le Primeur', 'Légumes, Salades et Herbes']",Natoora,True,False,false,5.0,DAY,,[],https://courses.monoprix.fr/images-v3/0c44253f-c4a3-4340-9d37-d41e42b9d14a/6ba9eb0b-5487-4710-9694-727b33f207b9/300x300.jpg
Nos recettes,90d27925-2033-4854-94f1-00b9740cdead,MPX_64176,"Charal Steaks Hachés Pur Boeuf, 15% De Mat. Gr",5.39,20.73,"['Boucherie et Volaille', 'Boucherie', 'Viandes hachées et farces']",Charal,True,False,false,3.0,DAY,260g,[],https://courses.monoprix.fr/images-v3/0c44253f-c4a3-4340-9d37-d41e42b9d14a/f3f4ce1d-81d5-4605-84c2-af217d019adc/300x300.jpg
Nos recettes,c2918261-28bf-4876-869e-b2a7f870b6a1,MPX_1471496,Monoprix mélange de champignons 300g,3.95,13.17,"['Nos recettes', 'Recettes de Chefs', '& Fusilloni sauce moutarde']",Monoprix,True,False,false,6.0,MONTH,300g,['Produit congelé'],https://courses.monoprix.fr/images-v3/0c44253f-c4a3-4340-9d37-d41e42b9d14a/45a3b8c6-48c6-4231-a65b-ca354c352f35/300x300.jpg
Nos recettes,c6e2af6d-4cf8-4d8a-8a66-10db48226ade,MPX_3870874,Monoprix Bio Granola Chocolat Noir et Amandes Caramélisées 350g,5.79,16.54,"['Epicerie Sucrée', 'Céréale et Barre', 'Céréale et Barre bio']",Monoprix Bio,True,False,false,2.0,MONTH,350g,"['Produit équitable', 'Produit bio']",https://courses.monoprix.fr/images-v3/0c44253f-c4a3-4340-9d37-d41e42b9d14a/2a779f3f-a48a-462f-8bf2-07c3f5b679da/300x300.jpg
Nos recettes,d310438f-74ce-4d87-968d-b47323374476,MPX_164123,Monoprix Gourmet Jambon De Bayonne Affiné 12 Mois Minimum 80 G,3.59,44.88,"['Nos sélections', 'Inspiration du moment', 'Sélection Charcuterie et Fromage']",Monoprix Gourmet,True,False,false,1.0,MONTH,80g,[],https://courses.monoprix.fr/images-v3/0c44253f-c4a3-4340-9d37-d41e42b9d14a/3df0ae71-dd53-4ce7-bc43-49fb16963f01/300x300.jpg
Nos recettes,d2135218-d77f-4a00-820f-b3f51038a97a,MPX_3430162,Monoprix Blanc de poireau 500g,3.99,7.98,"['Fruits & Légumes', 'Légumes Frais', 'Légumes de saison']",Monoprix,True,False,false,2.0,DAY,500g,[],https://courses.monoprix.fr/images-v3/0c44253f-c4a3-4340-9d37-d41e42b9d14a/3137fa21-46b7-4ecc-9f11-87be7dc0bf9d/300x300.jpg
Nos recettes,cac0be93-edc3-4376-b03b-ca1f212903d7,MPX_5364365,"Pomme de terre 1,5kg",1.49,0.99,"['Fruits & Légumes', 'Légumes Frais', 'Pommes de terre et Carottes', 'Pommes de terre']",-,True,False,false,4.0,DAY,1.5kg,[],https://courses.monoprix.fr/images-v3/0c44253f-c4a3-4340-9d37-d41e42b9d14a/8f4b4d5a-c029-4345-a5cb-4753a38ca3cc/300x300.jpg
Nos recettes,d3231172-6e71-4ce1-b772-dba58412e2f3,MPX_2653975,Monoprix Bio Crevettes cuites décortiquées 100g,4.69,46.9,"['Produits de la Mer', 'Poissonnerie', 'Crevettes et crustacés']",Monoprix Bio,True,False,false,5.0,DAY,100g,['Produit bio'],https://courses.monoprix.fr/images-v3/0c44253f-c4a3-4340-9d37-d41e42b9d14a/63af0662-e290-4391-b886-b8a5a3f2db2d/300x300.jpg
Nos recettes,182c3fc2-1277-4ab7-aa38-e2c6794496eb,MPX_2397076,Nestlé Dessert Tablette Chocolat Noir Dessert Pâtissier 2x205g,5.65,13.78,"['Epicerie Sucrée', 'Sucre, Farine et Aide à la pâtisserie', 'Chocolat à pâtisser']",Nestlé dessert,True,False,false,2.0,MONTH,2 x 205g,[],https://courses.monoprix.fr/images-v3/0c44253f-c4a3-4340-9d37-d41e42b9d14a/b674a1e0-6a5e-488f-bd1b-4b7ae23bdea3/300x300.jpg
Nos recettes,b35666a7-67ab-4f66-a48d-34d072df8596,MPX_966137,Monoprix Bio lait demi-écrémé stérilisée 6x1L,7.69,1.28,"['Bio', 'Crèmerie bio', 'Lait bio']",Monoprix Bio,True,False,false,1.0,MONTH,6 x 1L,['Produit bio'],https://courses.monoprix.fr/images-v3/0c44253f-c4a3-4340-9d37-d41e42b9d14a/4b0799fc-1e54-4f38-a5d8-9aaff4d7842d/300x300.jpg
Nos recettes,d889add0-aef4-411c-8793-a78ec6e62e71,MPX_969528,Monoprix Yaourt à la grecque 4x150g,1.89,3.15,"['Nos sélections', 'Inspiration du moment', '& Sélection petit déjeuner', 'Produits laitiers et œufs']",Monoprix,True,False,false,1.0,WEEK,4 x 150g,[],https://courses.monoprix.fr/images-v3/0c44253f-c4a3-4340-9d37-d41e42b9d14a/b10c1ee4-24ee-4e02-b5b4-01247cd7f7d8/300x300.jpg
Nos recettes,df0750a8-d8ae-4bbc-a7b1-20f987cc3a73,MPX_4055282,Natoora Tomate Ronde Pleine Terre - 500gr,3.49,6.98,"['Fruits & Légumes', 'Natoora le Primeur', 'Légumes, Salades et Herbes']",Natoora,True,False,false,4.0,DAY,500g,[],https://courses.monoprix.fr/images-v3/0c44253f-c4a3-4340-9d37-d41e42b9d14a/7938a15b-8727-43c7-8334-b00918df5c68/300x300.jpg
Nos recettes,efad3175-83c3-4b38-9437-9e867f58a440,MPX_127272,Monoprix Crème Fluide Légère Stérilisée 3x20cl,1.93,3.22,"['Nos sélections', 'Inspiration du moment', '& Frigo vide', 'Produits laitiers et Œufs']",Monoprix,True,False,false,1.0,MONTH,3 x 20cl,[],https://courses.monoprix.fr/images-v3/0c44253f-c4a3-4340-9d37-d41e42b9d14a/901def68-0f4c-409b-a8af-d4e897d574fc/300x300.jpg
Nos recettes,6653c262-3ece-4a2f-8a69-69dcea880eff,MPX_3740943,Instant Bio Courgette Bio 500g,2.99,5.98,"['Fruits & Légumes', 'Légumes Frais', 'Aubergines, Courgettes et Poivrons', 'Courgette']",Instant Bio,True,False,false,2.0,DAY,500g,['Produit bio'],https://courses.monoprix.fr/images-v3/0c44253f-c4a3-4340-9d37-d41e42b9d14a/7ab5da70-41b8-438f-9a34-22acfa5929ca/300x300.jpg
Nos recettes,64a3ac4c-3141-431a-80ed-203ec8783693,MPX_1419906,Monoprix Gourmet Filets de Poulet Fermier x2 300g,7.26,26.39,"['Boucherie et Volaille', 'Volaille', 'Poulet']",Monoprix Gourmet,True,False,false,3.0,DAY,275,[],https://courses.monoprix.fr/images-v3/0c44253f-c4a3-4340-9d37-d41e42b9d14a/2ba25e2c-2ab0-48d8-a0bf-49c5806a3854/300x300.jpg
Nos recettes,52bf6447-1b2c-4bd3-b07c-0c114d9552e9,MPX_1179095,Président Bûche Fondante De Chèvre 180g,2.85,15.83,"['Produits Laitiers, Œufs et Fromages', 'Fromages à déguster, à la coupe', 'Chèvre et Brebis']",Président,True,False,false,1.0,WEEK,180g,[],https://courses.monoprix.fr/images-v3/0c44253f-c4a3-4340-9d37-d41e42b9d14a/ca76e9a3-bbc0-4e9c-aff4-2ac6d3896f18/300x300.jpg
Nos recettes,7182b542-ca46-4ed0-85b9-b57cf56da75d,MPX_79592,Yaos Yaourt À La Grecque Nature 4x150g,2.59,4.32,"['Produits Laitiers, Œufs et Fromages', 'Yaourts', 'Yaourts natures']",Nestlé,True,False,false,1.0,WEEK,4 x 150g,[],https://courses.monoprix.fr/images-v3/0c44253f-c4a3-4340-9d37-d41e42b9d14a/487f7a17-5c13-4394-9486-518e8179ab49/300x300.jpg
Nos recettes,0483de57-a85d-4e1f-9a2b-e9a121842fed,MPX_1334846,Monoprix Bio Huile d'Olive Vierge Extra 750ml,8.99,11.99,"['Nos recettes', 'Recettes du Monde', '& Ceviche de Dorade Polenta']",Monoprix Bio,True,False,false,2.0,MONTH,750ml,['Produit bio'],https://courses.monoprix.fr/images-v3/0c44253f-c4a3-4340-9d37-d41e42b9d14a/111c0b78-b6cb-4d81-9e63-5f2c0b4006ab/300x300.jpg
Nos recettes,48a6e084-a378-40b3-8d48-4572d35f9c1c,MPX_1258012,Barilla pates linguine collezione 500g,1.59,3.18,"['Epicerie Salée', 'Pâte, Riz, Céréale et Purée', 'Pâtes', 'Pâtes courtes']",Barilla,True,False,false,6.0,MONTH,500g,[],https://courses.monoprix.fr/images-v3/0c44253f-c4a3-4340-9d37-d41e42b9d14a/88861933-bd87-4321-a9ea-d6827d3e59ba/300x300.jpg
Nos recettes,50687fd4-409a-4479-84b4-59764c4ec6e6,MPX_3232463,Monoprix Sucre Blanc en Poudre 750g,1.59,2.12,"['Nos sélections', 'Inspiration du moment', '& Frigo vide', 'Epicerie sucrée']",Monoprix,True,False,false,2.0,MONTH,750g,[],https://courses.monoprix.fr/images-v3/0c44253f-c4a3-4340-9d37-d41e42b9d14a/ad1a768f-2dcf-4086-a859-7a0e6b13255f/300x300.jpg
Nos recettes,5082e18b-b945-4f51-8fd6-50a2c1695d52,MPX_1546109,Elle&vire Crème De Normandie Épaisse Légère 12% M.G.. 33cl,2.09,6.33,"['Produits Laitiers, Œufs et Fromages', 'Crèmes et Chantilly', 'Crème fraîche']",Elle & vire,True,False,false,2.0,WEEK,330ml,[],https://courses.monoprix.fr/images-v3/0c44253f-c4a3-4340-9d37-d41e42b9d14a/2afac2bb-a7a8-42c7-af93-a7689bb4ab3b/300x300.jpg
Nos recettes,edd2466e-ce6e-4340-976e-8e94f972b60a,MPX_3987638,Natoora Poire Conférence - CAT:I - 500gr,2.99,5.98,"['Fruits & Légumes', 'Natoora le Primeur', 'Fruits']",Natoora,True,False,false,5.0,DAY,500g,[],https://courses.monoprix.fr/images-v3/0c44253f-c4a3-4340-9d37-d41e42b9d14a/f59cd7d6-e669-426f-b551-1f6aaf474e9b/300x300.jpg
Nos recettes,dd0cdd27-2ea4-4266-9839-c5cfc8cc6923,MPX_2865056,Monoprix Gourmet Pain multicéréales 500g,2.99,5.98,"['Nos sélections', 'Inspiration du moment', '& Notre sélection brunch', 'Pains']",Monoprix Gourmet,True,False,false,4.0,WEEK,500g,[],https://courses.monoprix.fr/images-v3/0c44253f-c4a3-4340-9d37-d41e42b9d14a/3a417e56-802f-40eb-b78a-f483666ee117/300x300.jpg
Nos recettes,ab0eaebb-3d8a-43f5-b49c-90cb7bbd731f,MPX_3599268,Monoprix Jambon Cuit 6 Tranches Sans Couenne,3.25,13.54,"['Charcuterie et Traiteur', 'Charcuterie', 'Jambon blanc']",Monoprix,True,False,false,1.0,WEEK,240g,[],https://courses.monoprix.fr/images-v3/0c44253f-c4a3-4340-9d37-d41e42b9d14a/071e6440-bda0-4552-8105-07b6d9d78be2/300x300.jpg
Nos recettes,dc306371-195b-4103-b4b6-ff4550a20562,MPX_3440730,Pomme de Terre Grenailles Minute 500g,2.0,4.0,"['Nos sélections', 'Inspiration du moment', '& Frigo vide', 'Fruits et Légumes']",Priméale,True,False,false,6.0,DAY,500g,[],https://courses.monoprix.fr/images-v3/0c44253f-c4a3-4340-9d37-d41e42b9d14a/57e77e0b-d55c-4fd4-b026-f95316970649/300x300.jpg
Nos recettes,12dc7dde-8e3c-44ac-826a-0e0c72e497e9,MPX_2824587,Oignon Rouge 3 Têtes,3.29,9.4,"['Fruits & Légumes', 'Légumes Frais', 'Ail, Oignons et Echalotes', 'Oignon']",Monoprix,True,False,false,1.0,WEEK,350g,[],https://courses.monoprix.fr/images-v3/0c44253f-c4a3-4340-9d37-d41e42b9d14a/767e9e4b-2355-4776-b06b-933bd6b13763/300x300.jpg
Nos recettes,e5af62e1-d95f-4338-911b-eb8bbe0c90b5,MPX_732652,Monoprix Bio mozzarella au lait de vache bio 125g,1.79,14.32,"['Produits du monde', 'Italie - Italia', 'Mozzarella, Parmesan, Burrata et Ricotta']",Monoprix Bio,True,False,false,1.0,WEEK,125g,['Produit bio'],https://courses.monoprix.fr/images-v3/0c44253f-c4a3-4340-9d37-d41e42b9d14a/9ab982eb-4d5a-4309-be67-3cbf1f74947b/300x300.jpg
Nos recettes,2e1a022b-acbe-4651-8e90-64942e9cadd4,MPX_1753538,Ail Blanc Bio 3 têtes,2.99,1.0,"['Bio', 'Fruit et Légume bio', 'Légume frais bio']",Monoprix,True,False,false,1.0,WEEK,3 par pack,['Produit bio'],https://courses.monoprix.fr/images-v3/0c44253f-c4a3-4340-9d37-d41e42b9d14a/5e795d76-6724-461f-acc5-edb122351884/300x300.jpg
Nos recettes,71d1d983-9088-4821-b318-3c14d7bec409,MPX_130899,Monoprix Chocolat Noir Pâtissier Dessert 200G,1.89,9.45,"['Epicerie Sucrée', 'Sucre, Farine et Aide à la pâtisserie', 'Chocolat à pâtisser']",Monoprix,True,False,false,6.0,MONTH,200g,[],https://courses.monoprix.fr/images-v3/0c44253f-c4a3-4340-9d37-d41e42b9d14a/ffb93570-a97b-4b4e-b9b3-4fcbba4a82a2/300x300.jpg
Nos recettes,b9b28d72-a729-46ad-8c8f-f37d1d9068aa,MPX_3705992,Avocat x4,4.49,1.12,"['Fruits & Légumes', 'Légumes Frais', 'Avocats, Concombres et Radis', 'Avocat']",AUTRE MARQUE,True,False,false,4.0,DAY,4 par pack,[],https://courses.monoprix.fr/images-v3/0c44253f-c4a3-4340-9d37-d41e42b9d14a/cf27d485-4379-4890-88d1-e0b1a3783bed/300x300.jpg
Nos recettes,d048e5d3-4e0f-47b6-a44b-e6478a00d09b,MPX_1663641,Monoprix laitue iceberg 300g,0.99,3.3,"['Fruits & Légumes', 'Prêts à consommer', 'Salades']",Monoprix,True,False,false,2.0,DAY,300g,[],https://courses.monoprix.fr/images-v3/0c44253f-c4a3-4340-9d37-d41e42b9d14a/18307a46-06d8-4e22-9226-96cddd815459/300x300.jpg
Nos recettes,7168932f-02c4-46fd-8123-8f0b62c93d9f,MPX_80082,Champignon Blanc de Paris 500g,3.5,7.0,"['Fruits & Légumes', 'Légumes Frais', 'Champignons']",Monoprix,True,False,false,1.0,DAY,500g,[],https://courses.monoprix.fr/images-v3/0c44253f-c4a3-4340-9d37-d41e42b9d14a/9fecca9b-a63c-4c24-9d02-5c84af2df590/300x300.jpg
Nos recettes,cdc5f86d-a456-44fb-9522-ff2686fe80de,MPX_875083,"Florette baby carottes, sans conservateur 250g",2.79,11.16,"['Fruits & Légumes', 'Légumes Frais', 'Pommes de terre et Carottes', 'Carotte']",Florette,True,False,false,5.0,DAY,250g,[],https://courses.monoprix.fr/images-v3/0c44253f-c4a3-4340-9d37-d41e42b9d14a/f06e3e17-46d1-49c8-a9e7-1a0c242804f3/300x300.jpg
Nos recettes,cfafebd3-79fa-4418-84d5-c555c8fc317a,MPX_1346972,Monoprix Papier cuisson 8m,1.69,1.69,"['Entretien & Nettoyage', 'Accessoire menager', 'Emballage alimentaire', 'Papier cuisson']",MONOPRIX,True,False,false,,,,[],https://courses.monoprix.fr/images-v3/0c44253f-c4a3-4340-9d37-d41e42b9d14a/ecc04746-077d-443e-ac67-146c76ee452f/300x300.jpg
Nos recettes,ddfcb2de-7dcb-4ec5-9349-f9ffe4ade014,MPX_142227,Monoprix Cœur de laitue sachet de 200g,1.99,9.95,"['Fruits & Légumes', 'Prêts à consommer', 'Salades']",Monoprix,True,False,false,1.0,DAY,200g,[],https://courses.monoprix.fr/images-v3/0c44253f-c4a3-4340-9d37-d41e42b9d14a/da101a4f-ff7e-403a-9eb3-5e0e4e450e33/300x300.jpg
Nos recettes,c30b277c-f79d-4418-88bc-51074e4d5cf8,MPX_2156370,Monoprix Bio Pomme Golden x6 Catégorie 2,3.99,0.67,"['Bio', 'Fruit et Légume bio', 'Fruit frais bio']",MONOP BIOLOGIQUE,True,False,false,3.0,DAY,6 par pack,['Produit bio'],https://courses.monoprix.fr/images-v3/0c44253f-c4a3-4340-9d37-d41e42b9d14a/e093f8b4-8ea6-4cf2-b8f6-2a168d57f6f6/300x300.jpg
Nos recettes,7ef07b59-52f6-4f58-a0eb-1efe5559afc7,MPX_2076295,Myrtille Bio 125g,3.99,31.92,"['Bio', 'Fruit et Légume bio', 'Fruit frais bio']",Bio,True,False,false,2.0,DAY,125g,['Produit bio'],https://courses.monoprix.fr/images-v3/0c44253f-c4a3-4340-9d37-d41e42b9d14a/e12fae04-bcbe-4af9-94b5-cc51d73ef766/300x300.jpg
Nos recettes,26496778-7dba-4634-9999-38aed130d3a1,MPX_2588012,Monoprix Bio Parmigiano Reggiano râpé bio AOP 50g,2.15,43.0,"['Produits du monde', 'Italie - Italia', 'Mozzarella, Parmesan, Burrata et Ricotta']",Monoprix Bio,True,False,false,2.0,WEEK,50g,['Produit bio'],https://courses.monoprix.fr/images-v3/0c44253f-c4a3-4340-9d37-d41e42b9d14a/17a313aa-84fe-403d-819e-58fa34ae5fc8/300x300.jpg
Nos recettes,1165f852-4e5d-4b6d-be67-b05dea672d43,MPX_3405415,Monoprix Eau de source 5L,0.79,0.16,"['Boissons et Lait', 'Eau', 'Eau plate']",Monoprix,True,False,false,1.0,MONTH,5L,[],https://courses.monoprix.fr/images-v3/0c44253f-c4a3-4340-9d37-d41e42b9d14a/60f9e407-2a1d-4141-9221-1ebf904b150c/300x300.jpg
Nos recettes,d1c34645-4ab8-4105-96f8-a0b669ca5f31,MPX_1596746,Monoprix mangue en morceaux 200g,3.39,16.95,"['Fruits & Légumes', 'Fruits Frais', 'Fruits découpés']",Monoprix,True,False,false,2.0,DAY,200g,[],https://courses.monoprix.fr/images-v3/0c44253f-c4a3-4340-9d37-d41e42b9d14a/22c3d03f-3fe7-4f46-9eda-9a55433b7fd1/300x300.jpg
Nos recettes,31281a33-b4c7-42c2-82da-fd0c7984aa86,MPX_1663837,Oignon Jaune Gros Calibre 1kg,1.79,1.79,"['Fruits & Légumes', 'Légumes Frais', 'Ail, Oignons et Echalotes', 'Oignon']",AUTRE MARQUE,True,False,false,1.0,WEEK,1kg,[],https://courses.monoprix.fr/images-v3/0c44253f-c4a3-4340-9d37-d41e42b9d14a/d502f2cb-ca60-48e9-b4ac-0e1a227a66b3/300x300.jpg
Nos recettes,d630481b-83f7-47d2-935d-47bbae7262e6,MPX_1753539,Aubergine Bio 500G,2.99,5.98,"['Fruits & Légumes', 'Légumes Frais', 'Aubergines, Courgettes et Poivrons', 'Aubergine']",-,True,False,false,2.0,DAY,500g,['Produit bio'],https://courses.monoprix.fr/images-v3/0c44253f-c4a3-4340-9d37-d41e42b9d14a/165717ac-6065-417f-8255-d4e4257b658a/300x300.jpg
Nos recettes,aed8564d-2e1a-4359-8553-c9a608bc9bb9,MPX_888071,Oignon Jaune Bio 500G,2.99,5.98,"['Bio', 'Fruit et Légume bio', 'Légume frais bio']",Monoprix,True,False,false,1.0,WEEK,500g,['Produit bio'],https://courses.monoprix.fr/images-v3/0c44253f-c4a3-4340-9d37-d41e42b9d14a/7c4f23c7-fe88-4de5-8cf3-5129fa0d99fc/300x300.jpg
Nos recettes,0dace045-7a19-42a6-be7c-13ba47a36a73,MPX_1820056,"Florette radis déjà lavés, prêt à consommer 200g",2.89,14.45,"['Nos sélections', 'Inspiration du moment', '& Barbecue', 'Légumes']",Florette,True,False,false,4.0,DAY,200g,[],https://courses.monoprix.fr/images-v3/0c44253f-c4a3-4340-9d37-d41e42b9d14a/256d322a-2e78-4c2f-865e-f25be809a015/300x300.jpg
Nos recettes,9e6d69f3-0c93-44b6-9e92-2de98febd99c,MPX_576724,Monoprix Bio Origines Filets De Poulet Fermier X2 300G,10.27,36.69,"['Bio', 'Boucherie et Volaille bio', 'Volaille bio']",Monoprix Bio Origines,True,False,false,3.0,DAY,280,['Produit bio'],https://courses.monoprix.fr/images-v3/0c44253f-c4a3-4340-9d37-d41e42b9d14a/0d5aa3d2-aeda-4d52-85c8-394bcdc8a91e/300x300.jpg
Nos recettes,2a3c74e0-1dff-4c10-9371-647dc16dc625,MPX_1878528,Monoprix Bio Riz Basmati 500G,2.49,4.98,"['Epicerie Salée', 'Pâte, Riz, Céréale et Purée', 'Pâte, Riz, Purée et Légume sec bio']",Monoprix Bio,True,False,false,6.0,MONTH,500g,['Produit bio'],https://courses.monoprix.fr/images-v3/0c44253f-c4a3-4340-9d37-d41e42b9d14a/5bae1e73-3081-4280-93cb-fc6d0bedad60/300x300.jpg
Nos recettes,721ddfd9-2778-45b8-ac10-0cc805debaa1,MPX_1111606,Monoprix Bio beurre moule doux 250g,3.59,14.36,"['Bio', 'Crèmerie bio', 'Beurre bio']",Monoprix Bio,True,False,false,2.0,WEEK,250g,['Produit bio'],https://courses.monoprix.fr/images-v3/0c44253f-c4a3-4340-9d37-d41e42b9d14a/47709539-751a-495a-abc5-8245d5085808/300x300.jpg
Nos recettes,b5d95fbf-ba93-4356-9499-713ea30fc438,MPX_962396,Monoprix Pistaches entières grillées salées 125g,2.99,23.92,"['Epicerie Salée', 'Produit apéritif', 'Cacahuète, Noix, Amande et Pistache', 'Amande et Pistache']",Monoprix,True,False,false,2.0,MONTH,125g,[],https://courses.monoprix.fr/images-v3/0c44253f-c4a3-4340-9d37-d41e42b9d14a/4ee81765-4241-4577-8737-cce577a55552/300x300.jpg
Nos recettes,90eb904f-9f7f-4cdc-864e-7483fe5bdb3d,MPX_1758674,Poivrons Mixte Bio 500g,3.49,6.98,"['Bio', 'Fruit et Légume bio', 'Légume frais bio']",-,True,False,false,2.0,DAY,500g,['Produit bio'],https://courses.monoprix.fr/images-v3/0c44253f-c4a3-4340-9d37-d41e42b9d14a/5cd4ef34-685c-4ce2-b52c-53931b2cbbde/300x300.jpg
Nos recettes,d2a37aa6-0aa8-4af5-aee4-45264d8697c7,MPX_1111770,Monoprix riz basmati parfumé 500g,1.89,3.78,"['Nos recettes', 'Recettes de Chefs', '&Danny Khezzar - Recette poulet sauce poulette au Beurre ail et persil']",Monoprix,True,False,false,6.0,MONTH,500g,[],https://courses.monoprix.fr/images-v3/0c44253f-c4a3-4340-9d37-d41e42b9d14a/5e86e8e6-be15-42c8-939a-bc821a24b89f/300x300.jpg
Nos recettes,4f62d058-b4f7-498a-8c4e-7c55760b3cb2,MPX_2562471,Driscoll's Framboise 125g,2.99,23.92,"['Fruits & Légumes', 'Fruits Frais', 'Fruits Rouges', 'Framboise']",FRUITS ROUGES AND CO ,True,False,false,2.0,DAY,125g,[],https://courses.monoprix.fr/images-v3/0c44253f-c4a3-4340-9d37-d41e42b9d14a/e37221a2-ee6d-4b08-bda9-d0751c2d19a3/300x300.jpg
Nos recettes,bb746585-1150-48d0-b691-a0cc0c4e1726,MPX_2560380,Monoprix Gourmet Coppa Echine de Porc Sèche 80g,2.75,34.38,"['Nos sélections', 'Inspiration du moment', 'Sélection Charcuterie et Fromage']",Monoprix Gourmet,True,False,false,3.0,WEEK,80g,[],https://courses.monoprix.fr/images-v3/0c44253f-c4a3-4340-9d37-d41e42b9d14a/1057091f-8718-47d0-8529-c1339e4c0e8f/300x300.jpg
Nos recettes,d3263597-b6e9-4b70-a416-81b17d32795d,MPX_2279729,Monoprix Gourmet Burrata 250g,5.29,21.16,"['Nos sélections', 'Inspiration du moment', '& Le Coin du marché', 'Fromage']",Monoprix Gourmet,True,False,false,4.0,DAY,250g,[],https://courses.monoprix.fr/images-v3/0c44253f-c4a3-4340-9d37-d41e42b9d14a/c6e4c39d-03a1-4648-b6ed-ad0ba716e3ed/300x300.jpg
Nos recettes,7de7578a-c71a-49b7-ae76-8a31c057d027,MPX_2414119,Monoprix Rosette 100g,1.22,12.2,"['Charcuterie et Traiteur', 'Charcuterie', 'Charcuterie sèche tranchée', 'Rosette, Saucisson et Chorizo']",Monoprix,True,False,false,4.0,WEEK,100g,[],https://courses.monoprix.fr/images-v3/0c44253f-c4a3-4340-9d37-d41e42b9d14a/1e55829f-aa6d-4bde-8099-4e9ab77f9798/300x300.jpg
Nos recettes,d6add144-0e15-4522-aee6-54deede7b581,MPX_2409163,Haricot vert fin 250g,2.89,11.56,"['Fruits & Légumes', 'Légumes Frais', 'Petits Légumes Verts']",Monoprix,True,False,false,2.0,DAY,250g,[],https://courses.monoprix.fr/images-v3/0c44253f-c4a3-4340-9d37-d41e42b9d14a/3bd06751-58f9-4fd6-975d-cb62d580fece/300x300.jpg
Nos recettes,f2db4bd1-283d-41f6-a60c-a2540567a596,MPX_2507954,Monoprix Gourmet Jambon Au Torchon 240G,6.45,26.88,"['Nos sélections', 'Inspiration du moment', '& Le Coin du marché', 'Charcuterie']",Monoprix Gourmet,True,False,false,1.0,WEEK,240g,[],https://courses.monoprix.fr/images-v3/0c44253f-c4a3-4340-9d37-d41e42b9d14a/3d3add52-14b8-4b3a-b16f-9bf549469844/300x300.jpg
Nos recettes,ec6b2936-4a88-400a-8d76-732c5f22b56e,MPX_1653556,Monoprix roquette 100g,1.99,19.9,"['Fruits & Légumes', 'Prêts à consommer', 'Salades']",Monoprix,True,False,false,2.0,DAY,100g,[],https://courses.monoprix.fr/images-v3/0c44253f-c4a3-4340-9d37-d41e42b9d14a/2b2a5f61-7b16-404b-9327-70e8254136ee/300x300.jpg
Nos recettes,1f1136f7-ab47-44dc-ba87-c7baab1204bd,MPX_3232464,Monoprix cassonade pur canne 750g,2.15,2.87,"['Nos recettes', 'Recettes Sucrées', '& Barre figues abricot et pistaches']",Monoprix,True,False,false,6.0,MONTH,750g,[],https://courses.monoprix.fr/images-v3/0c44253f-c4a3-4340-9d37-d41e42b9d14a/5774bbe8-b691-4a57-9348-3e69318945da/300x300.jpg
Nos recettes,809e5133-159b-46b4-b202-5ba260093a77,MPX_2785803,Epinard Jeunes Pousses 125 G,1.3,1.3,"['Nos recettes', 'Recettes du Monde', ""& Chakchouka d'hiver aux épinars fenouil et pois chiches""]",-,True,False,false,2.0,DAY,,[],https://courses.monoprix.fr/images-v3/0c44253f-c4a3-4340-9d37-d41e42b9d14a/a7c59946-bfd8-4e36-a2a4-8544ff431fcf/300x300.jpg
Nos recettes,4d79676e-a6d1-486d-b3de-67cf47eadd63,MPX_1250899,Monoprix Fromage à tartiner nature 150g,0.89,5.93,"['Nos sélections', 'Inspiration du moment', '& Notre sélection brunch', 'Fromage']",Monoprix,True,False,false,1.0,MONTH,150g,[],https://courses.monoprix.fr/images-v3/0c44253f-c4a3-4340-9d37-d41e42b9d14a/427585c6-6b98-49f2-934b-afdd1a2841e2/300x300.jpg
Nos recettes,33496511-561a-402c-b7cb-61a22b2274af,MPX_4419983,Monoprix Gourmet Viande Hachée race limousine 12% MG Label Rouge 300g,5.69,18.97,"['Boucherie et Volaille', 'Boucherie', 'Boucherie à la coupe']",Monoprix Gourmet,True,False,false,3.0,DAY,300g,[],https://courses.monoprix.fr/images-v3/0c44253f-c4a3-4340-9d37-d41e42b9d14a/e74eec3c-caff-434c-ae19-eeb8a3f3c3b3/300x300.jpg
Nos recettes,c00a8192-5f59-441f-9a3a-052ddae21bd9,MPX_570573,Monoprix Gourmet Crème fraîche d'Isigny épaisse 20cl,2.09,10.45,"['Nos régions de France', 'Normandie', 'Les marques de la région']",Monoprix Gourmet,True,False,false,1.0,WEEK,200ml,[],https://courses.monoprix.fr/images-v3/0c44253f-c4a3-4340-9d37-d41e42b9d14a/b6de0a28-d6e6-41a3-ac73-c12c103db228/300x300.jpg
Nos recettes,585768ea-c2d0-42e5-a341-907fc23a0cc5,MPX_2005639,Monoprix Bio Mâche sachet de 125g,2.49,19.92,"['Bio', 'Fruit et Légume bio', 'Légume frais bio']",Monoprix Bio,True,False,false,2.0,DAY,125g,['Produit bio'],https://courses.monoprix.fr/images-v3/0c44253f-c4a3-4340-9d37-d41e42b9d14a/5b21afa4-b74e-4540-972e-811b5ecca195/300x300.jpg
Nos recettes,3aca799e-3c7f-4cd7-b576-11cc018291f6,MPX_1962366,Monoprix Riz basmati naturellement parfumé 1 kg,2.99,2.99,"['Nos recettes', 'Recettes de Saisons', '& Saumon au Fenouil et Pamplemousse']",Monoprix,True,False,false,6.0,MONTH,1kg,[],https://courses.monoprix.fr/images-v3/0c44253f-c4a3-4340-9d37-d41e42b9d14a/2fe9f323-d0b3-454c-bdd5-d13f4eda9195/300x300.jpg
Nos recettes,bcf3b4d8-fb34-4f05-b1f1-3eba05dd8655,MPX_580358,Monoprix Sainte Maure Fromage de chèvre 200g,2.19,10.95,"['Nos sélections', 'Inspiration du moment', 'Nos coups de coeur Origine France']",Monoprix,True,False,false,2.0,WEEK,200g,[],https://courses.monoprix.fr/images-v3/0c44253f-c4a3-4340-9d37-d41e42b9d14a/3e0915d0-cfb2-4468-91a0-cadcf883d749/300x300.jpg
Nos recettes,f0fe2b4f-51ae-4bb6-a530-c19ced8762d3,MPX_123287,Monoprix crème fraîche entier 30% 50cl,1.95,3.9,"['Nos sélections', 'Inspiration du moment', '& Frigo vide', 'Produits laitiers et Œufs']",Monoprix,True,False,false,1.0,WEEK,500ml,[],https://courses.monoprix.fr/images-v3/0c44253f-c4a3-4340-9d37-d41e42b9d14a/c6df3a09-4e3d-4744-8943-8080605d1910/300x300.jpg
Nos recettes,39418b73-e2d3-4b60-a9b8-d46a70d4762d,MPX_4920155,Natoora Poireaux Nouveaux Cat: I - 500g,2.49,4.98,"['Fruits & Légumes', 'Natoora le Primeur', 'Légumes, Salades et Herbes']",Natoora,True,False,false,3.0,DAY,500g,[],https://courses.monoprix.fr/images-v3/0c44253f-c4a3-4340-9d37-d41e42b9d14a/8db47362-600d-48c4-a270-09056b80b20c/300x300.jpg
Nos recettes,affdd363-2057-4699-a5ce-120bac5465ba,MPX_1860207,Monoprix Bio Haricots Vert très fins 600g,1.85,3.08,"['Surgelés', 'Légumes surgelés', 'Légumes surgelés bio']",Monoprix Bio,True,False,false,2.0,MONTH,600g,"['Produit congelé', 'Produit bio']",https://courses.monoprix.fr/images-v3/0c44253f-c4a3-4340-9d37-d41e42b9d14a/0f9e17b7-fa33-47fe-953c-009b45640e76/300x300.jpg
Nos recettes,f34c5bc2-4ff3-4855-82b6-a8a20b4b9bf0,MPX_1118630,Monoprix Poitrine Fumée Sans Couenne 120G,1.95,16.25,"['Nos sélections', 'Inspiration du moment', '& Notre sélection brunch', 'Charcuterie']",Monoprix,True,False,false,1.0,WEEK,120g,[],https://courses.monoprix.fr/images-v3/0c44253f-c4a3-4340-9d37-d41e42b9d14a/f4c799ca-bf08-4ede-8ed1-3708582f8ac1/300x300.jpg
Nos recettes,c198b458-2af3-4f20-9f34-d1953867280b,MPX_2064682,Philadelphia Original Goût Frais Et Crémeux 150g,2.29,15.27,"['Produits Laitiers, Œufs et Fromages', 'Fromages à cuisiner, raclettes et apéritifs', 'Fromages à tartiner']",Philadelphia,True,False,false,1.0,MONTH,150g,[],https://courses.monoprix.fr/images-v3/0c44253f-c4a3-4340-9d37-d41e42b9d14a/f2fbbb7b-45fc-4634-b676-0f4f720a9dc2/300x300.jpg
Nos recettes,05ed4ff1-ac08-4989-9a59-77f0886b290c,MPX_898676,Monoprix Bio Emmental râpé bio 100g,2.09,20.9,"['Bio', 'Crèmerie bio', 'Fromage bio']",Monoprix Bio,True,False,false,2.0,WEEK,100g,['Produit bio'],https://courses.monoprix.fr/images-v3/0c44253f-c4a3-4340-9d37-d41e42b9d14a/7931b058-8b97-4683-be68-395bea99d348/300x300.jpg
Nos recettes,80af7bcb-2ac7-46b3-b519-ed6ddd553af0,MPX_1639913,Monoprix Pâte À Pizza Fine 260g,1.05,4.04,"['Nos recettes', 'Recettes du Monde', '& Pizza Chorizo Mozzarella Roquette']",Monoprix,True,False,false,1.0,WEEK,260g,[],https://courses.monoprix.fr/images-v3/0c44253f-c4a3-4340-9d37-d41e42b9d14a/c88a4ef9-b8d1-4345-acfb-bf29b75b651b/300x300.jpg
Nos recettes,560c4f01-1e34-4688-ba30-2f6fb5861065,MPX_184317,"Pomme Golden 1,5Kg Catégorie 1",3.49,2.33,"['Fruits & Légumes', 'Fruits Frais', 'Pommes, Poires et Raisins', 'Pomme']",Monoprix,True,False,false,3.0,DAY,1.5kg,[],https://courses.monoprix.fr/images-v3/0c44253f-c4a3-4340-9d37-d41e42b9d14a/843d54d7-a83f-4e73-8b18-ca4e8583de96/300x300.jpg
Nos recettes,0bb32f78-063b-4153-a0d3-dda0573d349e,MPX_897489,Seeberger Amandes Décortiquées 200G,5.95,29.75,"['Epicerie Salée', 'Produit apéritif', 'Cacahuète, Noix, Amande et Pistache', 'Amande et Pistache']",Seeberger,True,False,false,2.0,MONTH,200g,[],https://courses.monoprix.fr/images-v3/0c44253f-c4a3-4340-9d37-d41e42b9d14a/c7bfd82f-33b1-4b1c-9bbe-a2987c7e0d72/300x300.jpg
Nos recettes,7c264621-e17c-4e54-9bf7-494f6c10ab2a,MPX_2835889,Monoprix Cheddar medium 200g,2.99,14.95,"['Nos sélections', 'Inspiration du moment', 'Sélection Charcuterie et Fromage']",Monoprix,True,False,false,4.0,WEEK,200g,[],https://courses.monoprix.fr/images-v3/0c44253f-c4a3-4340-9d37-d41e42b9d14a/cb72828b-e635-49d1-9aaa-b9b4b12082e8/300x300.jpg
Nos recettes,dce1afdf-9511-4ece-9da8-0b73e0280462,MPX_2653520,Alsa Levure Chimique Alsacienne 8 Sachets 88g,0.99,11.25,"['Nos sélections', 'Inspiration du moment', ""& La pâtisserie c'est du gâteau"", 'Sucre, Farine et Aide à la pâtisserie']",Alsa,True,False,false,2.0,MONTH,88g,[],https://courses.monoprix.fr/images-v3/0c44253f-c4a3-4340-9d37-d41e42b9d14a/7e8a4238-b54d-4326-9d65-f1dd1e0d9d6a/300x300.jpg
Nos recettes,55843b08-6434-47fc-9224-7210a966b677,MPX_2060668,"Pomme de terre Vapeur Salade Rissolée 2,5kg",4.49,1.8,"['Fruits & Légumes', 'Légumes Frais', 'Pommes de terre et Carottes', 'Pommes de terre']",JARDIN DE LIMAGNE,True,False,false,6.0,DAY,2.5kg,[],https://courses.monoprix.fr/images-v3/0c44253f-c4a3-4340-9d37-d41e42b9d14a/3637a780-0ec5-446e-baf9-dcc3029cd8d0/300x300.jpg
Nos recettes,15256911-845d-4b22-8a2f-eeade8afbefa,MPX_4043237,Natoora Carotte Sable 600g,1.99,3.32,"['Fruits & Légumes', 'Légumes Frais', 'Pommes de terre et Carottes', 'Carotte']",Natoora,True,False,false,4.0,DAY,600g,[],https://courses.monoprix.fr/images-v3/0c44253f-c4a3-4340-9d37-d41e42b9d14a/4245f791-efc7-4a84-ab3c-962072187e5c/300x300.jpg
Nos recettes,c38f72b8-06f8-47d6-bf44-89475634308c,MPX_4122967,Monoprix Tous Cultiv'Acteurs Échalote Traditionnelle 250g,1.99,7.96,"['Fruits & Légumes', 'Légumes Frais', 'Ail, Oignons et Echalotes', 'Echalote']",Monoprix,True,False,false,1.0,WEEK,250g,[],https://courses.monoprix.fr/images-v3/0c44253f-c4a3-4340-9d37-d41e42b9d14a/d0289307-9c03-40cf-bf41-bd9c38fcf451/300x300.jpg
Nos recettes,37300ad7-b82c-45ad-976d-194dc5bca467,MPX_3648534,Monoprix Bio Farine De Blé Type 65 1Kg,1.69,1.69,"['Bio', 'Epicerie sucrée bio', 'Farine bio']",Monoprix Bio,True,False,false,2.0,MONTH,1kg,['Produit bio'],https://courses.monoprix.fr/images-v3/0c44253f-c4a3-4340-9d37-d41e42b9d14a/8ee00475-5430-49c0-9286-95ba3e1fba72/300x300.jpg
Nos recettes,73119b12-27c8-4721-8376-6555e82471db,MPX_2443043,Monoprix Eau minérale des Alpes 6x50cl,1.99,0.66,"['Bébé', 'Alimentation bébé', 'Eau']",Monoprix,True,False,false,1.0,MONTH,6 x 50cl,[],https://courses.monoprix.fr/images-v3/0c44253f-c4a3-4340-9d37-d41e42b9d14a/ef3c1d26-9291-4e70-956c-bed97fea3e4c/300x300.jpg
Nos recettes,1b488105-72e3-4a19-9aed-46ebf24fa34e,MPX_164831,Monoprix Cuillers Biscuits pâtissiers aux oeufs frais 125g,1.99,15.92,"['Nos sélections', 'Inspiration du moment', 'Nos coups de coeur Origine France']",Monoprix,True,False,false,1.0,MONTH,125g,[],https://courses.monoprix.fr/images-v3/0c44253f-c4a3-4340-9d37-d41e42b9d14a/2a258ead-a33a-4a62-9f95-099ffa60f74e/300x300.jpg
Nos recettes,12997670-ce56-4e17-8066-e72293412b58,MPX_1180336,Monoprix Bio Jambon Supérieur 160G X4,6.15,38.44,"['Charcuterie et Traiteur', 'Charcuterie', 'Jambon blanc']",Monoprix Bio,True,False,false,1.0,WEEK,160g,['Produit bio'],https://courses.monoprix.fr/images-v3/0c44253f-c4a3-4340-9d37-d41e42b9d14a/c820cc0e-5f6d-464d-b758-5ebc637cdc8e/300x300.jpg
Nos recettes,d97b5337-34c1-47c5-b1f8-74905197c878,MPX_4246667,Monoprix Viande Hachée De Bœuf Façon Bouchère 15% Mg 350G,5.29,15.11,"['Boucherie et Volaille', 'Boucherie', 'Viandes hachées et farces']",Monoprix,True,False,false,2.0,DAY,350g,[],https://courses.monoprix.fr/images-v3/0c44253f-c4a3-4340-9d37-d41e42b9d14a/9bc73123-cbd1-4702-abf8-8d054f7c92dd/300x300.jpg
Nos recettes,664595f4-8419-4a25-adef-9c8358d26007,MPX_1848052,Monoprix Bio Chocolat noir dégustation 74% de cacao 100g,1.99,19.9,"['Nos recettes', 'Recettes Sucrées', ""& Nids d'oiseaux chocolat et amandes""]",Monoprix Bio,True,False,false,6.0,MONTH,100g,"['Produit équitable', 'Produit bio']",https://courses.monoprix.fr/images-v3/0c44253f-c4a3-4340-9d37-d41e42b9d14a/b857727c-1808-40ff-a171-c548c0ade3ef/300x300.jpg
Nos recettes,587f800b-413d-46c1-9e90-a2f0bbbaab0b,MPX_1773521,Monoprix Gourmet Gambas décortiquées 110g,5.99,54.45,"['Noël', 'Menu des fêtes', 'Les Apéritifs festifs']",Monoprix Gourmet,True,False,false,5.0,DAY,110g,[],https://courses.monoprix.fr/images-v3/0c44253f-c4a3-4340-9d37-d41e42b9d14a/b999ec29-cefe-42ae-9a69-3c657d1cd9e4/300x300.jpg
Nos recettes,0816d0fb-44b9-4bd0-a893-4c14a64c030e,MPX_1816323,Monoprix Dés de feta nature la boîte de 130g ,2.79,21.46,"['Produits Laitiers, Œufs et Fromages', 'Fromages à cuisiner, raclettes et apéritifs', 'Mozza, Feta et Burrata']",Monoprix,True,False,false,2.0,WEEK,130g,[],https://courses.monoprix.fr/images-v3/0c44253f-c4a3-4340-9d37-d41e42b9d14a/f1b0a21f-6e59-460c-9abb-b6f4885da269/300x300.jpg
Nos recettes,8789c656-2fe4-4bb2-b9ca-9527b1d9d5e4,MPX_1689804,Monoprix Fromage au lait de chèvre pasteurisé 200g,1.99,9.95,"['Nos sélections', 'Inspiration du moment', '& Frigo vide', 'Produits laitiers et Œufs']",Monoprix,True,False,false,1.0,WEEK,200g,[],https://courses.monoprix.fr/images-v3/0c44253f-c4a3-4340-9d37-d41e42b9d14a/5b0df030-d007-4a5b-85af-b192f76d1fbc/300x300.jpg
Nos recettes,bf87fd34-e9f3-4a41-be01-7dca0583c612,MPX_3987630,Natoora Fenouil Bulbe CAT : I x1 tête,3.85,9.63,"['Bio', 'Fruit et Légume bio', 'Légume frais bio']",Natoora,True,False,false,4.0,DAY,400g,[],https://courses.monoprix.fr/images-v3/0c44253f-c4a3-4340-9d37-d41e42b9d14a/6c233aca-dc37-4a15-b6a4-96c98c032f0b/300x300.jpg
Nos recettes,5335237e-48b0-4dfa-8796-e03106a25a59,MPX_2293799,Monoprix Bio Orange 1kg,3.29,3.29,"['Bio', 'Fruit et Légume bio', 'Fruit frais bio']",Monoprix Bio,True,False,false,3.0,DAY,1kg,['Produit bio'],https://courses.monoprix.fr/images-v3/0c44253f-c4a3-4340-9d37-d41e42b9d14a/2f93251e-cc7f-4334-afae-244cc49f1e1d/300x300.jpg
Nos recettes,ec05eaa4-aded-4b04-b539-ff31e53fc4cf,MPX_4317297,Monoprix Gourmet Parmigiano reggiano parmesan copeaux AOP 90g,3.2,35.56,"['Produits Laitiers, Œufs et Fromages', 'Fromages à cuisiner, raclettes et apéritifs', 'Fromages râpés']",Monoprix Gourmet,True,False,false,2.0,WEEK,90g,[],https://courses.monoprix.fr/images-v3/0c44253f-c4a3-4340-9d37-d41e42b9d14a/538c9490-7dc7-4f7b-9a43-df145762a966/300x300.jpg
Nos recettes,da75de24-8aee-4fb5-89b3-1c95c10261e8,MPX_3635642,Monoprix Oeufs de poules élevées en plein air x4,1.45,0.36,"['Nos sélections', 'Inspiration du moment', 'Nos coups de coeur Origine France']",Monoprix,True,False,false,1.0,WEEK,4 par pack,[],https://courses.monoprix.fr/images-v3/0c44253f-c4a3-4340-9d37-d41e42b9d14a/678bba92-6cdb-4be6-afce-87e85ac1b4ba/300x300.jpg
Nos recettes,6d8172fe-fbaf-484a-a863-09980284d64a,MPX_197838,Monoprix Bio crème fraîche entière 30% 20cl,1.79,8.95,"['Bio', 'Crèmerie bio', 'Crème bio']",Monoprix Bio,True,False,false,1.0,WEEK,200ml,['Produit bio'],https://courses.monoprix.fr/images-v3/0c44253f-c4a3-4340-9d37-d41e42b9d14a/c29ecfb5-0903-495a-ae8d-b5074a746cd1/300x300.jpg
Nos recettes,b16dc141-a93f-4989-aead-38b97996c4ff,MPX_1878149,"Pomme Gala 1,5Kg Catégorie 1",3.49,2.33,"['Fruits & Légumes', 'Fruits Frais', 'Pommes, Poires et Raisins', 'Pomme']",-,True,False,false,3.0,DAY,1.5kg,[],https://courses.monoprix.fr/images-v3/0c44253f-c4a3-4340-9d37-d41e42b9d14a/9e60efeb-7c43-4315-8245-f638d725a3d0/300x300.jpg
Nos recettes,69e140ae-4892-4afe-9496-cdc9f43da1f3,MPX_100659,Le Saunier de Camargue Fleur de sel boite ronde 125g,3.59,28.72,"['Nos sélections', 'Inspiration du moment', '& Barbecue', 'Sauce et Assaisonnement']",Le saulnier de camargue,True,False,false,,,125g,[],https://courses.monoprix.fr/images-v3/0c44253f-c4a3-4340-9d37-d41e42b9d14a/e29a8cdf-c62d-4f66-96e7-bacf8d0fd89a/300x300.jpg
Nos recettes,c2d3b0b6-52ff-4047-a1b4-07a02be0b75d,MPX_2687031,Monoprix Bio Flocons d'avoine céréales complètes 500g,2.15,4.3,"['Epicerie Sucrée', 'Céréale et Barre', 'Céréale et Barre bio']",Monoprix Bio,True,False,false,2.0,MONTH,500g,['Produit bio'],https://courses.monoprix.fr/images-v3/0c44253f-c4a3-4340-9d37-d41e42b9d14a/0825c9bf-8ff2-4089-9969-95050289f8f0/300x300.jpg
Nos recettes,99157b43-547b-4c88-935a-6c22d968dd03,MPX_2899577,Monoprix Bio Comté Râpé au Lait Cru 100g,2.65,26.5,"['Bio', 'Crèmerie bio', 'Fromage bio']",Monoprix Bio,True,False,false,2.0,WEEK,100g,['Produit bio'],https://courses.monoprix.fr/images-v3/0c44253f-c4a3-4340-9d37-d41e42b9d14a/5cea3d70-85c7-4190-9741-937c813924c2/300x300.jpg
Nos recettes,9fc06a48-bf99-4108-b547-3af30dccb8fa,MPX_3034109,Champignon Blanc Éminces 200g,2.8,14.0,"['Fruits & Légumes', 'Légumes Frais', 'Champignons']",Monoprix,True,False,false,1.0,DAY,200g,[],https://courses.monoprix.fr/images-v3/0c44253f-c4a3-4340-9d37-d41e42b9d14a/b831ffca-2015-41fe-85dc-2fc29c32644a/300x300.jpg
Nos recettes,5a44adff-1f4e-4f3a-a098-c1d260de7560,MPX_2023134,Monoprix Ricotta 250g,1.39,5.56,"['Produits du monde', 'Italie - Italia', 'Mozzarella, Parmesan, Burrata et Ricotta']",Monoprix,True,False,false,1.0,WEEK,250g,[],https://courses.monoprix.fr/images-v3/0c44253f-c4a3-4340-9d37-d41e42b9d14a/ec700a74-d1fd-4494-acf7-645b39fc96bc/300x300.jpg
Nos recettes,bdbedec8-2246-4654-a6fb-15e07253e1b5,MPX_4206155,Carotte botte - 1 pièce,4.25,4.25,"['Fruits & Légumes', 'Légumes Frais', 'Pommes de terre et Carottes', 'Carotte']",Natoora,True,False,false,1.0,WEEK,,[],https://courses.monoprix.fr/images-v3/0c44253f-c4a3-4340-9d37-d41e42b9d14a/57fd7fc1-d213-4bc9-845a-89a1e8ca59ca/300x300.jpg
Nos recettes,62bbe9e6-71b7-41c3-a02f-80bbd7fabaf9,MPX_4920159,Natoora Avocat Hass - Gros Calibre - 2 pièces - CAT: Extra,5.29,2.65,"['Fruits & Légumes', 'Légumes Frais', 'Avocats, Concombres et Radis', 'Avocat']",Natoora,True,False,false,2.0,DAY,2 par pack,[],https://courses.monoprix.fr/images-v3/0c44253f-c4a3-4340-9d37-d41e42b9d14a/097e8029-5f99-46a8-a888-d7e8cb518af0/300x300.jpg
Nos recettes,62d4a4ac-fdb0-42ab-aa24-189c657c9a5e,MPX_4095214,Driscoll's Mûre 125g,3.99,31.92,"['Fruits & Légumes', 'Fruits Frais', 'Fruits Rouges', 'Mûre']",Monoprix,True,False,false,2.0,DAY,125g,[],https://courses.monoprix.fr/images-v3/0c44253f-c4a3-4340-9d37-d41e42b9d14a/f40d8c48-fe0f-4cee-8132-ffbe202bbef2/300x300.jpg
Nos recettes,92f45ec0-2b0f-4155-8888-bdb7cfbf66d4,MPX_1962368,Monoprix riz thaï naturellement parfumé 1kg,1.99,1.99,"['Nos recettes', 'Recettes du Monde', '& Khao phat de phuket']",Monoprix,True,False,false,6.0,MONTH,1kg,[],https://courses.monoprix.fr/images-v3/0c44253f-c4a3-4340-9d37-d41e42b9d14a/03bab5fa-186e-4888-a351-9e42a5dc8b3d/300x300.jpg
Nos recettes,dd0569d0-c1eb-4910-8860-ab60e219ec28,MPX_3510986,Monoprix Pois chiches prêts à l'emploi 530g,1.49,2.81,"['Nos recettes', 'Recettes du Monde', ""& Chakchouka d'hiver aux épinars fenouil et pois chiches""]",Monoprix,True,False,false,1.0,YEAR,530g,[],https://courses.monoprix.fr/images-v3/0c44253f-c4a3-4340-9d37-d41e42b9d14a/bd0d26f2-1e65-4f94-8e64-8f9ff3b58b62/300x300.jpg
Nos recettes,98c62411-0e32-4252-bed3-5b9e1f6af987,MPX_1688221,Monoprix Gourmet Feta Affinée en Fût 200g,4.29,21.45,"['Nos sélections', 'Inspiration du moment', '& Les produits méditerranéens', 'Fromages']",Monoprix Gourmet,True,False,false,1.0,MONTH,200g,[],https://courses.monoprix.fr/images-v3/0c44253f-c4a3-4340-9d37-d41e42b9d14a/6db8e94a-b6bb-4ad8-b6a0-46080376aa5e/300x300.jpg
Nos recettes,8a0616f4-d825-4b2a-ad1c-3d215e97276c,MPX_1525572,Monoprix bio steaks haché bio 2x125g,5.49,21.96,"['Bio', 'Boucherie et Volaille bio', 'Boucherie bio']",Monoprix Bio,True,False,false,2.0,DAY,2 x 125g,['Produit bio'],https://courses.monoprix.fr/images-v3/0c44253f-c4a3-4340-9d37-d41e42b9d14a/71318382-3dc9-4cde-85f0-63cc15917746/300x300.jpg
Nos recettes,5a9e17ef-21cb-4ac7-ad8d-a8d20fdbaa50,MPX_2204046,La Baleine Sel de mer fin iodé et fluoré boite verseuse 600g,0.89,1.48,"['Nos recettes', 'Recettes de Chefs', '& Fusilloni sauce moutarde']",La Baleine,True,False,false,,,600g,[],https://courses.monoprix.fr/images-v3/0c44253f-c4a3-4340-9d37-d41e42b9d14a/b124e5ac-d2ac-410c-8500-df2be39380e6/300x300.jpg
Nos recettes,fe27b89a-68f7-4480-bff0-f56be2d0ce41,MPX_2738543,Monoprix filets de poulet x4 le paquet de 560g,8.95,15.99,"['Boucherie et Volaille', 'Volaille', 'Poulet']",Monoprix,True,False,false,4.0,DAY,560,[],https://courses.monoprix.fr/images-v3/0c44253f-c4a3-4340-9d37-d41e42b9d14a/cecdb3ce-fecb-494b-9261-6f24bab3aa52/300x300.jpg
Nos recettes,c7e85c76-2f81-4a3e-88a5-60481fb50593,MPX_2738544,Monoprix aiguillettes de poulet x8 300g,5.28,17.59,"['Boucherie et Volaille', 'Volaille', 'Poulet']",Monoprix,True,False,false,4.0,DAY,300,[],https://courses.monoprix.fr/images-v3/0c44253f-c4a3-4340-9d37-d41e42b9d14a/0c579ecc-6069-4cf8-85b7-6312f85901ce/300x300.jpg
Nos recettes,463ab5b0-f6c7-4840-acaf-052a211ee5cd,MPX_801692,Monoprix Pois Chiches 265g,0.89,3.36,"['Nos recettes', 'Recettes du Monde', ""& Chakchouka d'hiver aux épinars fenouil et pois chiches""]",Monoprix,True,False,false,1.0,YEAR,265g,[],https://courses.monoprix.fr/images-v3/0c44253f-c4a3-4340-9d37-d41e42b9d14a/175a2bc7-1137-4817-8f5d-782fdd6b4a12/300x300.jpg
Nos recettes,fa9578a3-f257-49c8-9918-04247feb5e40,MPX_2020476,Monoprix Bio Origines Aiguillettes De Poulet 230G,9.45,41.09,"['Bio', 'Boucherie et Volaille bio', 'Volaille bio']",Monoprix Bio,True,False,false,5.0,DAY,230,['Produit bio'],https://courses.monoprix.fr/images-v3/0c44253f-c4a3-4340-9d37-d41e42b9d14a/9308eff7-7966-4a03-8a2f-6d70b3aca8a3/300x300.jpg
Nos recettes,baf1f221-1b56-470f-8656-d0230110c583,MPX_3987627,Natoora Concombre Lisse - 500/600gr - 1 pièce,2.99,2.99,"['Fruits & Légumes', 'Légumes Frais', 'Avocats, Concombres et Radis', 'Concombre']",Natoora,True,False,false,4.0,DAY,,[],https://courses.monoprix.fr/images-v3/0c44253f-c4a3-4340-9d37-d41e42b9d14a/e944c374-7b9f-405a-97f7-76bb31f8902f/300x300.jpg
Nos recettes,cb19bf18-aec8-4f9e-ade0-79c9e024d934,MPX_4206144,Natoora Courgettes Vertes Longues - 500g,3.62,7.24,"['Fruits & Légumes', 'Légumes Frais', 'Aubergines, Courgettes et Poivrons', 'Courgette']",Natoora,True,False,false,4.0,DAY,500g,[],https://courses.monoprix.fr/images-v3/0c44253f-c4a3-4340-9d37-d41e42b9d14a/bb3530e6-f8d1-4110-99ea-0d105cb24048/300x300.jpg
Nos recettes,bf405f0b-ea49-47f9-9d9d-db8c09e81e30,MPX_2118515,Monoprix Bio Noix de cajou grillées et salées 120g,4.15,34.58,"['Nos sélections', 'Inspiration du moment', '& Apéro entre amis', 'Epicerie salée']",Monoprix Bio,True,False,false,2.0,MONTH,120g,['Produit bio'],https://courses.monoprix.fr/images-v3/0c44253f-c4a3-4340-9d37-d41e42b9d14a/9529310c-b79e-4373-8e97-59a013c584c5/300x300.jpg
Nos recettes,8e62ec8d-7216-4f68-bf15-a000dc89c825,MPX_2560374,Monoprix Gourmet Speck fumé au bois de hêtre 80g,4.49,56.13,"['Nos sélections', 'Inspiration du moment', 'Sélection Charcuterie et Fromage']",Monoprix Gourmet,True,False,false,2.0,WEEK,80g,[],https://courses.monoprix.fr/images-v3/0c44253f-c4a3-4340-9d37-d41e42b9d14a/ed2ae0fb-2c6b-4a9c-83e6-286d6aa38e5b/300x300.jpg
Nos recettes,f24b8e4b-c25b-4d0f-b8bb-fa2cc033cf43,MPX_2141182,Tramier Bocal Olives Noires Confites Dénoyautées sans saumure 150g,1.85,12.33,"['Epicerie Salée', 'Produit apéritif', 'Olive et Légume mariné', 'Olive noire']",Tramier,True,False,false,2.0,MONTH,150g,[],https://courses.monoprix.fr/images-v3/0c44253f-c4a3-4340-9d37-d41e42b9d14a/24c266d1-4a97-4266-87c6-d0a2fce5d8ec/300x300.jpg
Nos recettes,721a6759-7d55-42d0-b3fa-581e4d2f9d63,MPX_1860208,Monoprix Bio épinards en branches bio 600g,2.99,4.98,"['Surgelés', 'Légumes surgelés', 'Légumes surgelés bio']",Monoprix Bio,True,False,false,2.0,MONTH,600g,"['Produit congelé', 'Produit bio']",https://courses.monoprix.fr/images-v3/0c44253f-c4a3-4340-9d37-d41e42b9d14a/5ceb7e27-33fa-4513-bb4a-c14f7597b599/300x300.jpg
Nos recettes,bb9d0cc4-631f-42c7-93c4-c5fd1c576a19,MPX_960614,Monoprix Amandes entières grillées et salées 75g,1.99,26.53,"['Epicerie Salée', 'Produit apéritif', 'Cacahuète, Noix, Amande et Pistache', 'Amande et Pistache']",Monoprix,True,False,false,2.0,MONTH,75g,[],https://courses.monoprix.fr/images-v3/0c44253f-c4a3-4340-9d37-d41e42b9d14a/53e0858d-c39b-43ed-b990-3ca5115f1fee/300x300.jpg
Nos recettes,608ca984-1ceb-43d5-9744-41a2008ea161,MPX_1120136,Monoprix beurre doux 125g,1.79,14.32,"['Nos sélections', 'Inspiration du moment', ""& La pâtisserie c'est du gâteau"", 'Produits laitiers et œufs']",Monoprix,True,False,false,2.0,WEEK,125g,[],https://courses.monoprix.fr/images-v3/0c44253f-c4a3-4340-9d37-d41e42b9d14a/e0c97af7-17df-40d9-b862-06801a105353/300x300.jpg
Nos recettes,3272f393-8eec-4540-99ea-d6beec0f9af3,MPX_2307207,Coriandre barquette 20g,1.69,1.69,"['Produits du monde', 'Oriental', 'Epices et herbes']",JDM,True,False,false,2.0,DAY,,"['Produit végétarien', 'Produit vegan']",https://courses.monoprix.fr/images-v3/0c44253f-c4a3-4340-9d37-d41e42b9d14a/76bb5a8a-0d5c-4e5e-a53a-87c5bcd5482e/300x300.jpg
Nos recettes,b52de5da-e118-461e-b402-416d236086e8,MPX_4079686,"Yoplait Calin Extra Fromage Blanc Nature 3,2% M.G. Pot 850g",2.89,3.4,"['Produits Laitiers, Œufs et Fromages', 'Yaourts', 'Fromages blancs et faisselles']",Calin,True,False,false,1.0,WEEK,850g,[],https://courses.monoprix.fr/images-v3/0c44253f-c4a3-4340-9d37-d41e42b9d14a/3da643c8-07bb-4f0a-b4b2-60e4fb47307e/300x300.jpg
Nos recettes,d68a5a24-ce8a-484e-9103-aa3a29627424,MPX_2850213,Monoprix Bio Lait Entier Stérilisé Le Pack De 6X1L,9.89,1.65,"['Bio', 'Crèmerie bio', 'Lait bio']",Monoprix Bio,True,False,false,1.0,MONTH,6 x 1L,['Produit bio'],https://courses.monoprix.fr/images-v3/0c44253f-c4a3-4340-9d37-d41e42b9d14a/9e145b3d-4e27-4964-9cc1-66e60d13c7be/300x300.jpg
Nos recettes,a0c2a417-0389-4667-a25a-349d6c6698e4,MPX_3550873,Monoprix Bio Pois Chiches Bio 265g,2.39,9.02,"['Bio', 'Epicerie salée bio', 'Conserve bio']",Monoprix Bio,True,False,false,1.0,YEAR,265g,['Produit bio'],https://courses.monoprix.fr/images-v3/0c44253f-c4a3-4340-9d37-d41e42b9d14a/bc69f445-3eab-45ab-8ee8-2b90d1ac02a1/300x300.jpg
Nos recettes,f938760b-6672-4734-9c96-05bf26ca3891,MPX_1572129,"Roche Mazet Sauvignon, Vin Blanc Sec De Pays D'Oc, Cuvée Spéciale, 12% Vol. 25cl",1.9,7.6,"['Bière, Cave et Spiritueux', 'Cave à vins', 'Vins à petits prix', 'Vin Blanc']",Roche mazet,True,False,false,,,250ml,[],https://courses.monoprix.fr/images-v3/0c44253f-c4a3-4340-9d37-d41e42b9d14a/0e8e68c9-556a-44c6-bb40-f61d6c149c66/300x300.jpg
Nos recettes,91e8c23f-4089-4e22-adad-80e8a95035f1,MPX_1760007,Céleri Branche 1 Pièce,2.79,3.49,"['Fruits & Légumes', 'Légumes Frais', 'Navets, Céleri et Fenouil', 'Céleri']",Monoprix,True,False,false,2.0,DAY,800g,[],https://courses.monoprix.fr/images-v3/0c44253f-c4a3-4340-9d37-d41e42b9d14a/756a2908-8e2d-430d-8b7c-056f252aee9d/300x300.jpg
Nos recettes,9d7e597b-d27e-4564-98f4-4351386f52b1,MPX_3033162,Monoprix Gourmet Di Bufala Campana 125G,2.49,19.92,"['Produits du monde', 'Italie - Italia', 'Mozzarella, Parmesan, Burrata et Ricotta']",Monoprix Gourmet,True,False,false,1.0,WEEK,125g,[],https://courses.monoprix.fr/images-v3/0c44253f-c4a3-4340-9d37-d41e42b9d14a/a62cf732-02fb-40ea-8a17-8ead3fedbac8/300x300.jpg
Nos recettes,b7a00c57-f629-4f0b-b4c0-4dfa43227599,MPX_2441402,Poireau Bio 750g,4.99,6.65,"['Fruits & Légumes', 'Légumes Frais', 'Légumes Bio']",-,True,False,false,2.0,DAY,750g,['Produit bio'],https://courses.monoprix.fr/images-v3/0c44253f-c4a3-4340-9d37-d41e42b9d14a/6d0253e9-7f19-4571-9063-e064b84cf6a2/300x300.jpg
Nos recettes,45c1f3c6-93dc-471a-b6be-7a8445bcc31e,MPX_1111607,Monoprix Bio beurre moule demi-sel 250g,3.85,15.4,"['Bio', 'Crèmerie bio', 'Beurre bio']",Monoprix Bio,True,False,false,3.0,WEEK,250g,['Produit bio'],https://courses.monoprix.fr/images-v3/0c44253f-c4a3-4340-9d37-d41e42b9d14a/ff089466-7106-4094-bfd0-f001b678480d/300x300.jpg
Nos recettes,056ff394-cd89-4104-9a26-7040d7814306,MPX_2949582,Wyke farms tranche de cheddar mature x8 tranches 160g,3.29,20.56,"['Produits du monde', 'Royaume-Uni - UK', 'Chips, Fromages, Sauces et Autres']",Wyke Farms,True,False,false,2.0,WEEK,160g,[],https://courses.monoprix.fr/images-v3/0c44253f-c4a3-4340-9d37-d41e42b9d14a/5fa5f54f-eafe-4234-875a-06cc4807f061/300x300.jpg
Nos recettes,2007a0e3-3840-42f2-bcd3-e5628e7e33b9,MPX_3536940,Mavrommatis Paris Yaourt Grec Nature 500g,3.49,6.98,"['Nos sélections', 'Inspiration du moment', '& Le Coin du marché', 'Produits laitiers et oeufs']",MAVROMMATIS,True,False,false,2.0,WEEK,500g,[],https://courses.monoprix.fr/images-v3/0c44253f-c4a3-4340-9d37-d41e42b9d14a/3db8d0db-5081-41b1-9a5f-660153a823a4/300x300.jpg
Nos recettes,e27a4c32-07a1-4d44-8121-97460dc6d9e1,MPX_2234196,Monoprix Lait UHT entier 6x1L,7.99,1.33,"['Boissons et Lait', 'Lait', 'Lait UHT entier']",Monoprix,True,False,false,1.0,MONTH,6 x 1L,[],https://courses.monoprix.fr/images-v3/0c44253f-c4a3-4340-9d37-d41e42b9d14a/23edf555-5400-4b7e-96ee-36968f3c181f/300x300.jpg
Nos recettes,eb810558-ef04-4c5b-8fbc-f2e673042d6d,MPX_127274,Monoprix Crème fluide entière 30% MG 3X20CL,3.19,5.32,"['Nos sélections', 'Inspiration du moment', 'Nos coups de coeur Origine France']",Monoprix,True,False,false,1.0,MONTH,600ml,[],https://courses.monoprix.fr/images-v3/0c44253f-c4a3-4340-9d37-d41e42b9d14a/4be94aa5-4264-4149-90b3-b3a4c7d03363/300x300.jpg
Nos recettes,397fb494-690f-47b0-b88a-267a41cd1d8a,MPX_3330930,Monoprix Gourmet Fusilli extrudées au bronze 500g,2.39,4.78,"['Epicerie Salée', 'Pâte, Riz, Céréale et Purée', 'Pâtes', 'Pâtes courtes']",Monoprix Gourmet,True,False,false,1.0,YEAR,500g,[],https://courses.monoprix.fr/images-v3/0c44253f-c4a3-4340-9d37-d41e42b9d14a/9268757a-91bc-4856-bb0e-a19b32fa22d3/300x300.jpg
Nos recettes,9be4ad68-c3c0-4316-964f-1b83995aab69,MPX_1613330,Monoprix Pommes frites au four 600g,1.49,2.48,"['Nos sélections', 'Inspiration du moment', '& Barbecue', 'Surgelé']",Monoprix,True,False,false,6.0,MONTH,600g,['Produit congelé'],https://courses.monoprix.fr/images-v3/0c44253f-c4a3-4340-9d37-d41e42b9d14a/99640e95-4c8f-4a39-8d87-5fe9526b6233/300x300.jpg
Nos recettes,041cccfe-ed86-493d-8396-9020d9d87932,MPX_4218886,Monoprix Double concentré de tomate 2x140g,1.59,5.68,"['Nos recettes', 'Recettes de Chefs', '& Sphaghettoni bouillon de crevettes']",Monoprix,True,False,false,6.0,MONTH,2 x 140g,[],https://courses.monoprix.fr/images-v3/0c44253f-c4a3-4340-9d37-d41e42b9d14a/6cd4e391-a690-492b-ae51-0e8082467de9/300x300.jpg
Nos recettes,81bc903f-3b5d-4601-af17-74c912d445d8,MPX_1687154,Ail Violet x3,3.99,1.33,"['Fruits & Légumes', 'Légumes Frais', 'Ail, Oignons et Echalotes', 'Ail']",Monoprix,True,False,false,1.0,WEEK,3 par pack,[],https://courses.monoprix.fr/images-v3/0c44253f-c4a3-4340-9d37-d41e42b9d14a/ae165721-bc4b-4dd9-9de4-a9bd22eda571/300x300.jpg
Nos recettes,7549c129-48d6-45bd-8aca-7147b2ec0ea6,MPX_1815789,Heinz Ketchup Bio 580g,3.09,5.33,"['Nos recettes', 'Recettes du Monde', '& Le burger facile']",Heinz,True,False,false,2.0,MONTH,580g,['Produit bio'],https://courses.monoprix.fr/images-v3/0c44253f-c4a3-4340-9d37-d41e42b9d14a/5a764f7a-5c05-47be-b4be-da6db9ec4d02/300x300.jpg
Nos recettes,22df423b-3874-417e-80ee-7d9688adae25,MPX_641,Maille L'Original Cornichons Extra-Fins Bocal 380g,4.35,11.45,"['Nos sélections', 'Inspiration du moment', '& Fondus de la raclette', 'Légumes Frais & Condiments']",Maille,True,False,false,2.0,MONTH,380g,['Produit vegan'],https://courses.monoprix.fr/images-v3/0c44253f-c4a3-4340-9d37-d41e42b9d14a/664d1ea8-e1d2-4112-8fa1-a2f2d5b96fe1/300x300.jpg
Nos recettes,98e6fb8d-21e7-4d3b-9dcc-f6c314c4cc1c,MPX_6574794,Natoora Gingembre - 200gr,1.99,9.95,"['Fruits & Légumes', 'Natoora le Primeur', 'Légumes, Salades et Herbes']",Natoora,True,False,false,2.0,DAY,200g,[],https://courses.monoprix.fr/images-v3/0c44253f-c4a3-4340-9d37-d41e42b9d14a/fabd3dbe-b2e5-4459-b9ba-d69bf5de2105/300x300.jpg
Nos recettes,18f131bd-24e3-496a-bb56-3fb0b5077cfb,MPX_80051,Florette chou rouge râpé 250g,1.79,7.16,"['Fruits & Légumes', 'Légumes Frais', 'Légumes de saison']",Florette,True,False,false,2.0,DAY,250g,[],https://courses.monoprix.fr/images-v3/0c44253f-c4a3-4340-9d37-d41e42b9d14a/63b609a3-23af-411f-9695-5da5c6205f20/300x300.jpg
Nos recettes,8430e219-9271-4a44-90a4-6dfb0c5445b0,MPX_2091462,"Monoprix Bio Crème entière UHT, 30% M.G 3x20cl",5.35,8.92,"['Bio', 'Crèmerie bio', 'Crème bio']",Monoprix Bio,True,False,false,1.0,MONTH,3 x 20cl,['Produit bio'],https://courses.monoprix.fr/images-v3/0c44253f-c4a3-4340-9d37-d41e42b9d14a/63020549-cd11-4cb5-b422-877dea290878/300x300.jpg
Nos recettes,8f0072f1-5d4e-4b36-b787-94d82cedd704,MPX_3960062,Natoora Aubergine Noire Gros calibre CAT:I 340g,2.75,8.09,"['Fruits & Légumes', 'Légumes Frais', 'Aubergines, Courgettes et Poivrons', 'Aubergine']",Natoora,True,False,false,4.0,DAY,340g,[],https://courses.monoprix.fr/images-v3/0c44253f-c4a3-4340-9d37-d41e42b9d14a/44989943-267d-415f-a5a5-d87f311e3292/300x300.jpg
Nos recettes,2f70917e-8a86-4eff-b5a7-6889eaed33be,MPX_1773171,"Monoprix Bio Pot de Fromage Blanc 3,2%500g",2.29,4.58,"['Bio', 'Crèmerie bio', 'Yaourt bio']",Monoprix Bio,True,False,false,1.0,WEEK,500g,['Produit bio'],https://courses.monoprix.fr/images-v3/0c44253f-c4a3-4340-9d37-d41e42b9d14a/81aa2256-7eb1-482d-8784-69417ae349ab/300x300.jpg
Nos recettes,957a5cc7-828d-4ff8-aaac-330d68aaf5d7,MPX_2876038,Suzi Wan Lait de Coco 200ml,1.99,9.95,"['Produits du monde', 'Asie 亚洲', 'Lait et Crème de coco']",Suziwan,True,False,false,2.0,MONTH,200ml,[],https://courses.monoprix.fr/images-v3/0c44253f-c4a3-4340-9d37-d41e42b9d14a/29204285-aa22-4fe8-9641-1883c82b9855/300x300.jpg
Nos recettes,9d9fa175-73c3-4a01-a820-83d5d521b14f,MPX_1398116,Bjorg Flocons d'Avoine Complète Bio 500g,2.85,5.7,"['Epicerie Sucrée', 'Céréale et Barre', 'Céréale et Barre bio']",Bjorg,True,False,false,1.0,MONTH,500g,['Produit bio'],https://courses.monoprix.fr/images-v3/0c44253f-c4a3-4340-9d37-d41e42b9d14a/935c5865-3262-4ff0-a2d5-8d0a8a19f36a/300x300.jpg
Nos recettes,481e7bd3-47a1-41b1-805d-772c802a80f2,MPX_1044816,Monoprix Bio Jambon Supérieur Découenné Dégraissé 80G X2,3.75,46.88,"['Charcuterie et Traiteur', 'Charcuterie', 'Jambon blanc']",Monoprix Bio,True,False,false,1.0,WEEK,80g,['Produit bio'],https://courses.monoprix.fr/images-v3/0c44253f-c4a3-4340-9d37-d41e42b9d14a/2e73451b-943d-4fbe-a72f-f78b5e2c0069/300x300.jpg
Nos recettes,e409ac60-0cca-4e0b-a72d-023ae6b25aa5,MPX_1821006,Monoprix Mascarpone 250g,1.79,7.16,"['Produits du monde', 'Italie - Italia', 'Mozzarella, Parmesan, Burrata et Ricotta']",Monoprix,True,False,false,2.0,WEEK,250g,[],https://courses.monoprix.fr/images-v3/0c44253f-c4a3-4340-9d37-d41e42b9d14a/7b2bedd4-832e-42ae-b5a3-40729632f823/300x300.jpg
Nos recettes,cee3768d-5b65-4ac3-94b1-7a4c90620fa9,MPX_1252522,Monoprix Fromage À Raclettes En Tranches 2-3 Personnes 400G,4.09,10.23,"['Nos sélections', 'Inspiration du moment', 'Nos coups de coeur Origine France']",Monoprix,True,False,false,2.0,WEEK,400g,[],https://courses.monoprix.fr/images-v3/0c44253f-c4a3-4340-9d37-d41e42b9d14a/6a2345fd-b7de-469d-bb89-31c5b589d44f/300x300.jpg
Nos recettes,4b04990f-75ad-4ff2-9a1f-c050bf391ab8,MPX_2135323,Monoprix Bio fromages frais aux fruits 12x50g,2.89,4.82,"['Bio', 'Crèmerie bio', 'Yaourt bio']",Monoprix Bio,True,False,false,1.0,WEEK,12 x 50g,[],https://courses.monoprix.fr/images-v3/0c44253f-c4a3-4340-9d37-d41e42b9d14a/c7e3a08d-d217-4514-b66f-ae3f057ef35b/300x300.jpg
Nos recettes,d8d83a0c-aaa5-4632-a97f-8fd22ece284b,MPX_1726613,Monoprix Gourmet pain de mie aux céréales 500g,3.15,6.3,"['Nos sélections', 'Inspiration du moment', '& Sélection petit déjeuner', 'Pain, Viennoiserie et Céréales']",Monoprix Gourmet,True,False,false,6.0,DAY,500g,[],https://courses.monoprix.fr/images-v3/0c44253f-c4a3-4340-9d37-d41e42b9d14a/b15f08ef-0c17-4520-ba62-0be06f78fe9f/300x300.jpg
Nos recettes,d94d13c5-fa03-4222-98a6-b824ca774130,MPX_3960050,Natoora Navet violet,2.25,4.5,"['Fruits & Légumes', 'Natoora le Primeur', 'Légumes, Salades et Herbes']",Natoora,True,False,false,4.0,DAY,500g,[],https://courses.monoprix.fr/images-v3/0c44253f-c4a3-4340-9d37-d41e42b9d14a/7a4ce3da-eaac-4c27-a8a6-1ca77e7c584e/300x300.jpg
Nos recettes,96f5346e-d9ab-4ce2-a1fe-a3c20b981610,MPX_3513339,Monoprix huile d'olive vierge extra fruitée 1L,11.5,11.5,"['Nos recettes', 'Recettes de Chefs', ""& Luana Belmondo - Fregola all'Amatriciana""]",Monoprix,True,False,false,2.0,MONTH,1L,[],https://courses.monoprix.fr/images-v3/0c44253f-c4a3-4340-9d37-d41e42b9d14a/9d522ebb-a3fe-44d9-a561-39a312235468/300x300.jpg
Nos recettes,65c16605-d786-4c48-bc01-75a3357bb25c,MPX_3292069,Kara lait de coco light 20cl,1.75,8.75,"['Produits du monde', 'Asie 亚洲', 'Lait et Crème de coco']",Kara,True,False,false,1.0,MONTH,200ml,[],https://courses.monoprix.fr/images-v3/0c44253f-c4a3-4340-9d37-d41e42b9d14a/fda30e7e-8982-4342-8b48-f1da0341f21a/300x300.jpg
Nos recettes,45243112-853e-4e64-85fb-9b54e0da6d55,MPX_3513342,Monoprix Bio Pur jus de citron de Sicile 250ml,2.09,8.36,"['Nos recettes', 'Recettes de Chefs', '& Fusilloni sauce moutarde']",Monoprix Bio,True,False,false,2.0,MONTH,250ml,['Produit bio'],https://courses.monoprix.fr/images-v3/0c44253f-c4a3-4340-9d37-d41e42b9d14a/59ad6658-7d9a-4cd8-9270-8d09c7b86b4d/300x300.jpg
Nos recettes,521a6785-a60c-447b-9550-64fba043ab29,MPX_6600978,Monoprix lait frais demi-écrémé 1l,1.19,1.19,"['Produits Laitiers, Œufs et Fromages', 'Laits', 'Lait frais']",Monoprix,True,False,false,1.0,WEEK,1L,[],https://courses.monoprix.fr/images-v3/0c44253f-c4a3-4340-9d37-d41e42b9d14a/3fc357b8-2b50-49fe-9179-99ad470d82ba/300x300.jpg
Nos recettes,5a3978d4-3c80-462c-954c-c99524be3699,MPX_84138,Barilla pates lasagnes aux oeufs collezione 500g,2.59,5.18,"['Epicerie Salée', 'Pâte, Riz, Céréale et Purée', 'Pâtes', 'Pâtes à farcir, Pâtes à bouillon']",Barilla,True,False,false,6.0,MONTH,500g,[],https://courses.monoprix.fr/images-v3/0c44253f-c4a3-4340-9d37-d41e42b9d14a/cc32b413-9ccc-405b-9852-ff0d74894e1d/300x300.jpg
Nos recettes,892a66eb-40c9-464f-b4b1-4bd4cfc7181c,MPX_1113513,Monoprix petits pois extra fins 1 kg,1.99,1.99,"['Nos sélections', 'Inspiration du moment', '& Sélection gros formats', 'Surgelés']",Monoprix,True,False,false,6.0,MONTH,1kg,['Produit congelé'],https://courses.monoprix.fr/images-v3/0c44253f-c4a3-4340-9d37-d41e42b9d14a/71a3d98b-0c1f-43bc-ab74-c766251667bd/300x300.jpg
Nos recettes,7fa167ad-8f87-4883-a76e-804f9b62396a,MPX_1037124,Seeberger Noix De Cajou Naturelle 200G,5.99,29.95,"['Epicerie Sucrée', 'Céréale et Barre', 'Fruits Secs et Graines', 'Amandes, Noix et Autres Fruits à Coques']",Seeberger,True,False,false,2.0,MONTH,200g,[],https://courses.monoprix.fr/images-v3/0c44253f-c4a3-4340-9d37-d41e42b9d14a/039b2004-f0e8-46b8-a407-609769eeadfa/300x300.jpg
Nos recettes,b7d016f7-68bf-4b0e-b223-08d20bf2c3bf,MPX_3955094,Échalote traditionnelle Bio 250g,1.99,7.96,"['Fruits & Légumes', 'Légumes Frais', 'Ail, Oignons et Echalotes', 'Echalote']",DANIEL CADIOU,True,False,false,1.0,WEEK,250g,['Produit bio'],https://courses.monoprix.fr/images-v3/0c44253f-c4a3-4340-9d37-d41e42b9d14a/ff4c9355-ce8f-48d8-af2e-851138ec23a7/300x300.jpg
Nos recettes,f0c89648-6a77-4c11-86d9-37e4b01625f1,MPX_3476799,Monoprix Yaourt à la Grecque Nature 450g,1.69,3.76,"['Produits Laitiers, Œufs et Fromages', 'Yaourts', 'Yaourts natures']",Monoprix,True,False,false,1.0,WEEK,450g,[],https://courses.monoprix.fr/images-v3/0c44253f-c4a3-4340-9d37-d41e42b9d14a/31979a87-5951-4785-a5dd-856cc9be3cce/300x300.jpg
Nos recettes,d405acea-3a02-4ef0-8644-438a1968f382,MPX_6571352,Sol sucre semoule en sachet 1kg,1.69,1.69,"['Nos recettes', 'Recettes Sucrées', '& Layer cake aux fruits rouges']",Sol,True,False,false,,,1kg,[],https://courses.monoprix.fr/images-v3/0c44253f-c4a3-4340-9d37-d41e42b9d14a/968894f8-cbeb-4a71-b75b-b78e066516ca/300x300.jpg
Nos recettes,f3e4c722-8106-48fd-aacb-75137835c90e,MPX_2738547,Monoprix Cuisses De Poulet X2 550g,2.66,7.39,"['Boucherie et Volaille', 'Volaille', 'Poulet']",Monoprix,True,False,false,4.0,DAY,360,[],https://courses.monoprix.fr/images-v3/0c44253f-c4a3-4340-9d37-d41e42b9d14a/962da944-fea6-4716-9cfe-171c38b4325c/300x300.jpg
Nos recettes,8c18ba39-fc71-41a4-b80f-0c4f89f7d47b,MPX_2204843,Quaker Oats Céréales Flocons d'avoine complète format 800 g,3.39,4.24,"['Nos recettes', 'Recettes Sucrées', '& Barre figues abricot et pistaches']",Quaker,True,False,false,2.0,MONTH,800g,[],https://courses.monoprix.fr/images-v3/0c44253f-c4a3-4340-9d37-d41e42b9d14a/8bc7e2ee-844a-4515-802e-1b80338d7743/300x300.jpg
Nos recettes,fe73be5d-0187-4c55-9214-4f6c9d2b5e8d,MPX_877640,Monoprix Champignons de Paris Entiers 230g,1.79,7.78,"['Nos recettes', 'Recettes de Chefs', '& Fusilloni sauce moutarde']",Monoprix,True,False,false,1.0,YEAR,230g,[],https://courses.monoprix.fr/images-v3/0c44253f-c4a3-4340-9d37-d41e42b9d14a/018d6765-cc94-4da0-8a1a-46cea106a17a/300x300.jpg
Nos recettes,2dc9a15d-6264-42a5-9ba6-cb5cb4872206,MPX_2187069,Philadelphia Light 150G,2.89,19.27,"['Produits Laitiers, Œufs et Fromages', 'Fromages à cuisiner, raclettes et apéritifs', 'Fromages à tartiner']",Philadelphia,True,False,false,1.0,MONTH,150g,[],https://courses.monoprix.fr/images-v3/0c44253f-c4a3-4340-9d37-d41e42b9d14a/ea96b166-392d-42be-9f8f-8309b54359ea/300x300.jpg
Nos régions de France,1938a1fa-58e2-4fd5-afd5-8102e9373ac5,MPX_2456304,La Mère Poulard Sablés pur beurre 125g,1.89,15.12,"['Nos régions de France', 'Normandie', 'Biscuit, cake et tarte normande']",La mère Poulard,True,False,false,2.0,MONTH,125g,[],https://courses.monoprix.fr/images-v3/0c44253f-c4a3-4340-9d37-d41e42b9d14a/b173a1ba-aaaa-4989-9941-9c0767c8aa22/300x300.jpg
Nos régions de France,9c995fa4-80dd-420c-a9e0-ede5b5f99e51,MPX_159902,Monoprix Gourmet Pâtes Coquillettes d'Alsace 250g,1.79,7.16,"['Nos régions de France', 'Grand Est', 'Alsace']",Monoprix Gourmet,True,False,false,1.0,YEAR,250g,[],https://courses.monoprix.fr/images-v3/0c44253f-c4a3-4340-9d37-d41e42b9d14a/d796512c-59c6-4313-a6b8-eaa513d81f67/300x300.jpg
Nos régions de France,eb065861-6152-41d3-9ce5-28ca465023ee,MPX_3860531,"Lutecia Eau Minérale Naturelle 6x1,5L",3.99,0.44,"['Boissons et Lait', 'Eau', 'Eau plate']",Lutecia,True,False,false,6.0,MONTH,6 x 1.5L,[],https://courses.monoprix.fr/images-v3/0c44253f-c4a3-4340-9d37-d41e42b9d14a/c41ff004-37b5-438d-8472-310bb83aa880/300x300.jpg
Nos régions de France,0e8de1c7-4829-43b2-8544-60027717c3e9,MPX_570339,Isigny Saint Mère Crème Vanille Madagascar 250g,3.25,13.0,"['Nos régions de France', 'Normandie', 'Les marques de la région']",Isigny/ste mere,True,False,false,1.0,MONTH,250g,[],https://courses.monoprix.fr/images-v3/0c44253f-c4a3-4340-9d37-d41e42b9d14a/c338e48e-0159-4f85-98ea-2d41f5ef2897/300x300.jpg
Nos régions de France,49d55d5b-abb9-49f7-a4a5-04c371a22b17,MPX_3599648,Monoprix Gourmet crozets de Savoie au sarrasin 400g,3.59,8.98,"['Bio', 'Epicerie salée bio', 'Pâte bio']",Monoprix Gourmet,True,False,false,6.0,MONTH,400g,[],https://courses.monoprix.fr/images-v3/0c44253f-c4a3-4340-9d37-d41e42b9d14a/8026ae08-c0df-487e-b0eb-362759ca6a30/300x300.jpg
Nos régions de France,a04d59ed-ba96-4cdb-bb85-6faba39fdd76,MPX_159909,Monoprix Gourmet Pâtes d'Alsace Torsades 250g,1.89,7.56,"['Nos régions de France', 'Grand Est', 'Alsace']",Monoprix Gourmet,True,False,false,1.0,YEAR,250g,[],https://courses.monoprix.fr/images-v3/0c44253f-c4a3-4340-9d37-d41e42b9d14a/05477045-02f7-4079-8404-842f20141861/300x300.jpg
Nos régions de France,362955b3-7687-481a-a93a-d35c83fb23ff,MPX_3860532,Lutecia Eau Minérale Naturelle 6x50cl,2.69,0.9,"['Boissons et Lait', 'Eau', 'Eau plate']",Lutecia,True,False,false,6.0,MONTH,6 x 50cl,[],https://courses.monoprix.fr/images-v3/0c44253f-c4a3-4340-9d37-d41e42b9d14a/05f524ce-1224-42f6-b23d-48d765f19bba/300x300.jpg
Nos régions de France,6e5b36ef-9c5d-4a93-96ec-b03f55a709a7,MPX_66656,Loué Poulet Fermier Blanc Label Rouge 1.4Kg,13.99,9.99,"['Boucherie et Volaille', 'Volaille', 'Poulet']",LOUE,True,False,false,2.0,DAY,1.4,[],https://courses.monoprix.fr/images-v3/0c44253f-c4a3-4340-9d37-d41e42b9d14a/711a292c-521e-4063-923f-8429e4165bf7/300x300.jpg
Nos régions de France,e170d371-05e5-48b4-a9d3-a5eb5d600720,MPX_2306600,Saint Jean Supreme Souffles Nature 480G,4.49,9.35,"['Noël', 'Promos de Noël', ""Promos repas festif,\xa0jusqu'à 50% sur le 2ème sur une sélection festive""]",Saint-Jean,True,False,false,1.0,WEEK,480g,[],https://courses.monoprix.fr/images-v3/0c44253f-c4a3-4340-9d37-d41e42b9d14a/534353dd-d056-4911-884d-325cd3e123b2/300x300.jpg
Nos régions de France,5c97f087-8eb7-4d38-b0b7-c916a4cf7853,MPX_159898,Monoprix Gourmet Pâtes d'Alsace Spaghetti 250g,1.89,7.56,"['Nos régions de France', 'Grand Est', 'Alsace']",Monoprix Gourmet,True,False,false,1.0,YEAR,250g,[],https://courses.monoprix.fr/images-v3/0c44253f-c4a3-4340-9d37-d41e42b9d14a/dc8f0fce-b008-4331-98e8-ab1077bc2db6/300x300.jpg
Nos régions de France,70a2494f-912d-4cb9-8ff3-47af1adca988,MPX_2456301,La Mère Poulard palets pur beurre 125g,2.99,20.2,"['Nos régions de France', 'Normandie', 'Biscuit, cake et tarte normande']",La Mère Poulard,True,False,false,2.0,MONTH,148g,[],https://courses.monoprix.fr/images-v3/0c44253f-c4a3-4340-9d37-d41e42b9d14a/7494047d-459d-4740-8ba1-f2273d16ed82/300x300.jpg
Nos régions de France,a7e82f33-7f77-4ee7-9916-213f3b3f4e70,MPX_1455,Ricard Pastis de Marseille 1L,23.9,23.9,"['Nos régions de France', 'Paca', 'Provence']",Ricard,True,False,false,,,1L,[],https://courses.monoprix.fr/images-v3/0c44253f-c4a3-4340-9d37-d41e42b9d14a/077321f1-a96b-4933-be01-5ffd8c554d1c/300x300.jpg
Nos régions de France,7585a833-edef-44e1-899d-bdaefdd05f9d,MPX_2456306,La Mère Poulard Grandes Galettes pur beurre 135g,2.19,16.22,"['Nos régions de France', 'Normandie', 'Biscuit, cake et tarte normande']",La mère Poulard,True,False,false,2.0,MONTH,135g,[],https://courses.monoprix.fr/images-v3/0c44253f-c4a3-4340-9d37-d41e42b9d14a/11924e46-0a98-4af5-9032-e35abdb6eda1/300x300.jpg
Nos régions de France,409cdbc7-9367-4f1f-9b0f-ed883d000bd0,MPX_3441866,La Mère Poulard palets au citron 125g,2.69,21.52,"['Nos régions de France', 'Normandie', 'Biscuit, cake et tarte normande']",La Mère Poulard,True,False,false,2.0,MONTH,125g,[],https://courses.monoprix.fr/images-v3/0c44253f-c4a3-4340-9d37-d41e42b9d14a/53a031e1-aa9a-40fc-8b54-0e4732ef733c/300x300.jpg
Nos régions de France,7b45f566-2bc4-49b5-bab3-aff5f8653715,MPX_565441,Louis Bouillot Crémant de Bourgogne AOP brut 75cl,10.9,14.53,"['Noël', 'Promos de Noël', ""Promos repas festif,\xa0jusqu'à 50% sur le 2ème sur une sélection festive""]",LOUIS BOUILLOT,True,False,false,,,750ml,[],https://courses.monoprix.fr/images-v3/0c44253f-c4a3-4340-9d37-d41e42b9d14a/f0f80a35-88eb-49ab-bb49-90b3cdd687e9/300x300.jpg
Nos régions de France,3912abf2-99d0-48e7-98bb-bcbc955ca3d7,MPX_1863294,Michel Bolard Plateau De 4 Pâtés En Croûte Cocktail,5.99,23.4,"['Noël', 'Promos de Noël', ""Promos repas festif,\xa0jusqu'à 50% sur le 2ème sur une sélection festive""]",MAISON BOLARD,True,False,false,4.0,DAY,256g,[],https://courses.monoprix.fr/images-v3/0c44253f-c4a3-4340-9d37-d41e42b9d14a/ed2e210e-cabc-404c-8b40-222b168fe8cd/300x300.jpg
Nos régions de France,16fa173c-0390-43a0-8806-f70a5b6a392f,MPX_724449,Louis Bouillot Aop. Crémant De Bourgogne. Rosé Brut. Perle D'Aurore 75Cl,10.9,14.53,"['Noël', 'Promos de Noël', ""Promos repas festif,\xa0jusqu'à 50% sur le 2ème sur une sélection festive""]",LOUIS BOUILLOT,True,False,false,,,750ml,[],https://courses.monoprix.fr/images-v3/0c44253f-c4a3-4340-9d37-d41e42b9d14a/5d027dbd-50b0-409d-9948-29e62aa7bde0/300x300.jpg
Nos régions de France,1829507b-c539-4e11-8cd0-72c092d08f11,MPX_3417789,La Mère Poulard Etui Palets Tout Chocolat Gamme Collector 125g,2.69,21.52,"['Nos régions de France', 'Normandie', 'Biscuit, cake et tarte normande']",La mère Poulard,True,False,false,2.0,MONTH,125g,[],https://courses.monoprix.fr/images-v3/0c44253f-c4a3-4340-9d37-d41e42b9d14a/4531b686-3908-4fc2-91f2-0d52224bba39/300x300.jpg
Nos régions de France,3807db96-4da5-4bf6-b14b-de11b6a33365,MPX_1114606,"Cave De Pfaffenheim Alsace Aop, Edelzwicker, Blanc 75cl",5.9,7.87,"['Nos régions de France', 'Grand Est', 'Alsace']",DOPFF IRION,True,False,false,,,750ml,[],https://courses.monoprix.fr/images-v3/0c44253f-c4a3-4340-9d37-d41e42b9d14a/1bd756a4-2ab3-4303-885a-3d0c80507b69/300x300.jpg
Nos régions de France,a7a91ba8-5a50-4a14-a52a-7bd4eb28aa32,MPX_3957533,Monoprix Gourmet 12 Macarons Dégustation 154g,8.59,55.78,"['Noël', 'Promos de Noël', ""Promos repas festif,\xa0jusqu'à 50% sur le 2ème sur une sélection festive""]",Monoprix Gourmet,True,False,false,6.0,MONTH,154g,['Produit congelé'],https://courses.monoprix.fr/images-v3/0c44253f-c4a3-4340-9d37-d41e42b9d14a/795c3875-fd7d-4649-868d-ba227c7fb5c4/300x300.jpg
Nos régions de France,833cea36-e621-4cf7-928d-e1fedda28613,MPX_153398,Pastanis Pastis De Marseille 1L,18.9,18.9,"['Nos régions de France', 'Paca', 'Provence']",Monoprix,True,False,false,,,1L,[],https://courses.monoprix.fr/images-v3/0c44253f-c4a3-4340-9d37-d41e42b9d14a/8ae2ec70-9cc7-4f44-b462-eee7cfee1f18/300x300.jpg
Nos régions de France,88cc45f7-579f-405a-927f-26e3a59dd6d2,MPX_2495845,Monoprix Gourmet Spätzle pâtes d'Alsace 250g,1.89,7.56,"['Nos régions de France', 'Grand Est', 'Alsace']",Monoprix Gourmet,True,False,false,1.0,YEAR,250g,[],https://courses.monoprix.fr/images-v3/0c44253f-c4a3-4340-9d37-d41e42b9d14a/8f35b48f-7414-4090-b36e-2e11aa51903b/300x300.jpg
Nos régions de France,69381c53-0ab6-4be1-aa07-7982b0d14373,MPX_2495844,Monoprix Gourmet nüdle à l'ancienne pâtes d'Alsace 250g,1.89,7.56,"['Nos régions de France', 'Grand Est', 'Alsace']",Monoprix Gourmet,True,False,false,1.0,YEAR,250g,[],https://courses.monoprix.fr/images-v3/0c44253f-c4a3-4340-9d37-d41e42b9d14a/1e151326-31bc-45d9-a301-32d644248e7e/300x300.jpg
Nos régions de France,4384b8f5-8f6a-42bb-8ac3-edc4de13b59e,MPX_3648256,Monoprix Gourmet 12 Macarons Sélection 157g,8.59,54.71,"['Epicerie Sucrée', 'Confiture, Pâte à tartiner et Miel', 'Confiture, Miel et Pâte à tartiner bio']",Monoprix Gourmet,True,False,false,6.0,MONTH,157g,['Produit congelé'],https://courses.monoprix.fr/images-v3/0c44253f-c4a3-4340-9d37-d41e42b9d14a/e3290dbd-1f2f-46f5-82fd-265852ee9d96/300x300.jpg
Nos régions de France,b6271c2b-9759-41e3-8cd5-07e7c8f5d2b2,MPX_64779,Grand Fermage Beurre Cristaux Sel De Mer 250g,3.29,13.16,"['Nos régions de France', 'Pays de la Loire', 'Sel et beurre de Noirmoutier']",Grand fermage,True,False,false,3.0,WEEK,250g,[],https://courses.monoprix.fr/images-v3/0c44253f-c4a3-4340-9d37-d41e42b9d14a/bdb61eb1-8980-4fb9-9cc4-76aa6a9fe947/300x300.jpg
Nos régions de France,f2af47ec-0bdb-4e7a-9428-f050bd4c005f,MPX_1626049,Loué Oeuf Fermier Gros Bio Boîte X6,4.39,0.73,"['Bio', 'Crèmerie bio', 'Œuf bio']",FERMIERS DE LOUE,True,False,false,1.0,WEEK,6 par pack,['Produit bio'],https://courses.monoprix.fr/images-v3/0c44253f-c4a3-4340-9d37-d41e42b9d14a/0ffb6ab4-e8ed-4b4e-8319-3901956a9bab/300x300.jpg
Nos régions de France,6f6bd8e9-5307-449b-ab18-32b8c611542f,MPX_2216598,Monoprix Gourmet Demi-Baguettes Précuites 2X125G,1.75,7.0,"['Nos sélections', 'Inspiration du moment', '& Notre sélection brunch', 'Pains']",Monoprix Gourmet,True,False,false,4.0,WEEK,250g,[],https://courses.monoprix.fr/images-v3/0c44253f-c4a3-4340-9d37-d41e42b9d14a/f7fa0c37-efef-4750-bbc6-f8dbc92095cd/300x300.jpg
Nos régions de France,ccc9fab9-6cc2-465d-8b61-f7a9628048ea,MPX_2008202,Perle du Nord Endives en sachet x 5,4.99,1.0,"['Fruits & Légumes', 'Légumes Frais', 'Salades, Endives, Asperges et Artichauts', 'Endive']",Perle du Nord,True,False,false,2.0,DAY,5 par pack,[],https://courses.monoprix.fr/images-v3/0c44253f-c4a3-4340-9d37-d41e42b9d14a/520fbf24-d9ad-48fc-97ce-a5848c801c86/300x300.jpg
Nos régions de France,d17ad45e-15f0-4094-9cb8-5f7c5d31f00a,MPX_62809,Fermiers de Loué Oeufs fermiers de poules élevées en liberté x6,3.19,0.53,"['Nos régions de France', 'Pays de la Loire', 'Les marques de la région']",LOUE,True,False,false,1.0,WEEK,6 par pack,[],https://courses.monoprix.fr/images-v3/0c44253f-c4a3-4340-9d37-d41e42b9d14a/a45803a4-b807-49f1-91a7-7067159f255f/300x300.jpg
Nos régions de France,d69e34d8-7cbf-49a2-883e-29f6710d3fe3,MPX_1701318,Monoprix Gourmet Comté AOP au lait cru 220g,5.85,26.59,"['Nos sélections', 'Inspiration du moment', 'Sélection Charcuterie et Fromage']",Monoprix Gourmet,True,False,false,3.0,WEEK,220g,[],https://courses.monoprix.fr/images-v3/0c44253f-c4a3-4340-9d37-d41e42b9d14a/51e1de19-f600-4a14-8ecb-9a0706d2c3b8/300x300.jpg
Nos régions de France,4e437338-a246-4b85-9f15-28ab6d8dad6c,MPX_1397947,Loue Filet De Poulet Fermier Blanc X2 240g,8.29,34.54,"['Boucherie et Volaille', 'Volaille', 'Poulet']",Loué,True,False,false,4.0,DAY,240g,[],https://courses.monoprix.fr/images-v3/0c44253f-c4a3-4340-9d37-d41e42b9d14a/700917f7-311c-457d-8e87-6a1c34d6d457/300x300.jpg
Nos régions de France,17ce1b62-ac7c-4fed-8a22-f882a15aeb93,MPX_5816289,Brets La Craquante Chips Nature au Sel de Guérande 125g,1.79,14.32,"['Epicerie Salée', 'Produit apéritif', 'Chips et Biscuit Apéritif', 'Chips']",Brets,True,False,false,2.0,MONTH,125g,['Produit végétarien'],https://courses.monoprix.fr/images-v3/0c44253f-c4a3-4340-9d37-d41e42b9d14a/c2c1bf89-f58a-4ad2-a62e-8b6226eba875/300x300.jpg
Nos régions de France,221e0f34-b519-431b-9744-247aa8a35b69,MPX_2092469,Les Fermiers de Loué Œufs Bio Calibre Moyen x10,6.59,0.66,"['Bio', 'Crèmerie bio', 'Œuf bio']",LOUE,True,False,false,1.0,WEEK,10 par pack,['Produit bio'],https://courses.monoprix.fr/images-v3/0c44253f-c4a3-4340-9d37-d41e42b9d14a/10a9a442-be74-40e0-8be0-2af427efac5b/300x300.jpg
Nos régions de France,c00a8192-5f59-441f-9a3a-052ddae21bd9,MPX_570573,Monoprix Gourmet Crème fraîche d'Isigny épaisse 20cl,2.09,10.45,"['Nos régions de France', 'Normandie', 'Les marques de la région']",Monoprix Gourmet,True,False,false,1.0,WEEK,200ml,[],https://courses.monoprix.fr/images-v3/0c44253f-c4a3-4340-9d37-d41e42b9d14a/b6de0a28-d6e6-41a3-ac73-c12c103db228/300x300.jpg
Nos régions de France,ece5589d-0e34-4575-aead-64b8d3f1aa5a,MPX_1625585,Poilane Quart de Miche tranchée 450g,3.25,7.22,"['Nos sélections', 'Inspiration du moment', '& Le Coin du marché', 'Pains et viennoiseries']",POILÂNE,True,False,false,1.0,DAY,450g,[],https://courses.monoprix.fr/images-v3/0c44253f-c4a3-4340-9d37-d41e42b9d14a/33f98a5d-c2df-44d2-a8a8-d816166febc1/300x300.jpg
Nos régions de France,13c916db-90d8-42cb-92e7-1e536906cd9e,MPX_2008204,Les Nouveaux Producteurs endives XS en sachet x6,3.99,0.67,"['Fruits & Légumes', 'Légumes Frais', 'Salades, Endives, Asperges et Artichauts', 'Endive']",Les Nouveaux Producteurs,True,False,false,2.0,DAY,6 x 1 par pack,[],https://courses.monoprix.fr/images-v3/0c44253f-c4a3-4340-9d37-d41e42b9d14a/84f1c1e0-fa3e-4c92-8951-8409c006ba3a/300x300.jpg
Nos régions de France,7a24b49b-9e1c-449e-8d8f-7c7beb483c7d,MPX_1965478,Fermiers de loué Œufs gros Bio élevées en liberté x4,3.35,0.84,"['Bio', 'Crèmerie bio', 'Œuf bio']",fermier de loué,True,False,false,1.0,WEEK,4 par pack,['Produit bio'],https://courses.monoprix.fr/images-v3/0c44253f-c4a3-4340-9d37-d41e42b9d14a/56b4246c-fc43-4fcb-bb56-85f9eadfd559/300x300.jpg
Nos régions de France,69e140ae-4892-4afe-9496-cdc9f43da1f3,MPX_100659,Le Saunier de Camargue Fleur de sel boite ronde 125g,3.59,28.72,"['Nos sélections', 'Inspiration du moment', '& Barbecue', 'Sauce et Assaisonnement']",Le saulnier de camargue,True,False,false,,,125g,[],https://courses.monoprix.fr/images-v3/0c44253f-c4a3-4340-9d37-d41e42b9d14a/e29a8cdf-c62d-4f66-96e7-bacf8d0fd89a/300x300.jpg
Nos régions de France,967469f0-2628-4400-a352-b86a0975b372,MPX_3766372,Stoeffler Pâtes Fraîches Spaetzle à Poêler 300g,3.39,11.3,"['Nos régions de France', 'Grand Est', 'Alsace']",Stoeffler,True,False,false,1.0,WEEK,300g,['Produit végétarien'],https://courses.monoprix.fr/images-v3/0c44253f-c4a3-4340-9d37-d41e42b9d14a/c4f6e659-7db2-4712-a3c8-b2354a83224d/300x300.jpg
Nos régions de France,93539ddc-9b7d-4223-bff4-7d2177b296d5,MPX_2321346,Monoprix Bio Endive Sachet 400G,4.99,12.48,"['Bio', 'Fruit et Légume bio', 'Légume frais bio']",Monoprix Bio,True,False,false,2.0,DAY,400g,['Produit bio'],https://courses.monoprix.fr/images-v3/0c44253f-c4a3-4340-9d37-d41e42b9d14a/8240b971-0401-4df4-87da-914069e12089/300x300.jpg
Nos régions de France,a784411f-b2ff-4158-8d20-a08ea3ba6a44,MPX_2353476,Cointreau Liqueur 40% vol. 35cl,14.9,42.57,"['Nos sélections', 'Inspiration du moment', '& Apéro entre amis', 'Boissons et Vins']",Cointreau,True,False,false,,,35cl,[],https://courses.monoprix.fr/images-v3/0c44253f-c4a3-4340-9d37-d41e42b9d14a/6d4bd7a5-e9f3-4bf7-8746-70d02db66468/300x300.jpg
Nos régions de France,a0f1fee5-2db8-4560-a532-0dbbd8c3d455,MPX_2414758,"Les Champs Vignon Chinon Aop, Rouge 75cl",6.9,9.2,"['Nos régions de France', 'Pays de la Loire', 'Vin, liqueur et soupe angevine']",LES CHAMPS VIGNONS,True,False,false,,,750ml,[],https://courses.monoprix.fr/images-v3/0c44253f-c4a3-4340-9d37-d41e42b9d14a/8495f3d8-50e1-4503-a483-a8e17b73d596/300x300.jpg
Nos régions de France,ecdf001f-b10c-46c8-9121-3d840724ceb3,MPX_1117592,Touraine Gamay Haut des charmes Vin rouge 75cl,7.99,10.65,"['Bio', 'Boisson et Cave bio', 'Cave bio']",TOURAINE GAMAY LES HAUTS DES CHARMES,True,False,false,,,750ml,[],https://courses.monoprix.fr/images-v3/0c44253f-c4a3-4340-9d37-d41e42b9d14a/7c772dba-4e83-48c8-8b94-1ee9c1ce3ee0/300x300.jpg
Nos régions de France,3c7ec007-7fd7-4a8d-b8b7-98de01fba5ef,MPX_2824278,Monoprix Gourmet Petit Pouligny Saint Pierre Aop 150G,4.79,31.93,"['Nos régions de France', 'Centre Val de Loire', 'Fromages et faisselles']",Monoprix Gourmet,True,False,false,2.0,WEEK,150g,[],https://courses.monoprix.fr/images-v3/0c44253f-c4a3-4340-9d37-d41e42b9d14a/17adb2d0-4b9a-44b4-b1d8-881177cd5490/300x300.jpg
Nos régions de France,f271f7ee-9f08-41e6-9a0e-fb52ff14ab1e,MPX_2888415,Ninkasi Bière Blonde 75cl,5.59,7.45,"['Bière, Cave et Spiritueux', 'Bières et Cidres', 'Cave à Bières']",Ninkasi,True,False,false,1.0,MONTH,750ml,[],https://courses.monoprix.fr/images-v3/0c44253f-c4a3-4340-9d37-d41e42b9d14a/ed088a19-b4dc-45d3-bc22-6d4c4e76e8f8/300x300.jpg
Nos régions de France,18b1c721-8ca7-41a9-8dc8-2652d236ed7a,MPX_3183636,Charcuterie Rey Saucisse de Toulouse Bio Artisanale 350g,6.09,17.4,"['Bio', 'Boucherie et Volaille bio', 'Boucherie bio']",Charcuterie du Quercy,True,False,false,3.0,DAY,350g,[],https://courses.monoprix.fr/images-v3/0c44253f-c4a3-4340-9d37-d41e42b9d14a/ff23bf06-b696-4aad-8a72-9d6bfd28514f/300x300.jpg
Nos régions de France,db440ed8-6a9b-41d6-a444-53ca7c485a5d,MPX_2862764,Jenlain Bière Ambrée 75cl,3.85,5.13,"['Bière, Cave et Spiritueux', 'Bières et Cidres', 'Cave à Bières']",Jenlain,True,False,false,1.0,MONTH,750ml,[],https://courses.monoprix.fr/images-v3/0c44253f-c4a3-4340-9d37-d41e42b9d14a/d08e3f62-b8bc-40bc-abb3-513384f131d6/300x300.jpg
Nos régions de France,470bdd6b-d8e9-430f-86b7-163d4c1c1739,MPX_4199008,Natoora Betteraves Rouges Crues - 500g,2.29,5.73,"['Fruits & Légumes', 'Natoora le Primeur', 'Légumes, Salades et Herbes']",Natoora,True,False,false,6.0,DAY,400g,[],https://courses.monoprix.fr/images-v3/0c44253f-c4a3-4340-9d37-d41e42b9d14a/aaf276c1-de28-43c1-b9d5-8a73cfe5334e/300x300.jpg
Nos régions de France,c876a1ea-e9e1-4084-b8b3-cee7c3160720,MPX_1036147,Giraudet Quenelles de brochet sauvage pur beurre 4 x 80g,5.89,18.41,"['Nos régions de France', 'Auvergne Rhône Alpes', 'Crozets, ravioles, quenelles et pâtes']",Giraudet,True,False,false,1.0,WEEK,320g,[],https://courses.monoprix.fr/images-v3/0c44253f-c4a3-4340-9d37-d41e42b9d14a/9ba39412-c79c-47f2-8650-5a2f4a530f54/300x300.jpg
Nos régions de France,a1622f1f-3704-46e2-881a-d4b3790c34f4,MPX_3835918,Monoprix Gourmet Confit de Canard x2 cuisses 800g,13.75,32.35,"['Epicerie Salée', 'Conserve', 'Plat cuisiné en conserve']",Monoprix Gourmet,True,False,false,1.0,YEAR,425g,[],https://courses.monoprix.fr/images-v3/0c44253f-c4a3-4340-9d37-d41e42b9d14a/ddfb052d-d954-402c-a84c-29dd7d3b9c0f/300x300.jpg
Nos régions de France,0f20ddb3-6624-4bd9-a983-2fa088efc8eb,MPX_2822859,Isigny Sainte Mère Crème légère fouettée 20% MG 250G,2.99,11.96,"['Nos régions de France', 'Normandie', 'Les marques de la région']",Isigny Sainte Mère,True,False,false,1.0,MONTH,250g,[],https://courses.monoprix.fr/images-v3/0c44253f-c4a3-4340-9d37-d41e42b9d14a/14cb11c0-9d63-45af-9d3a-ea923a85a8a0/300x300.jpg
Nos régions de France,f131b6df-3349-4376-8a58-740910be62b3,MPX_2308230,"Louis Jadot Coteaux Bourguignons Aop, Rouge 75Cl",11.95,15.93,"['Nos régions de France', 'Bourgogne Franche Comté', 'Bourgogne']",Louis Jadot,True,False,false,,,750ml,[],https://courses.monoprix.fr/images-v3/0c44253f-c4a3-4340-9d37-d41e42b9d14a/cf0ba951-f44b-4a80-b9ee-39dc66257776/300x300.jpg
Nos régions de France,3ba8540c-6ecf-4ffe-aeae-acb93c4d6486,MPX_2936783,Fauquet Maroilles Aop 210G,3.69,17.57,"['Nos régions de France', 'Hauts de France', 'Nord-Pas-De-Calais']",Fauquet,True,False,false,2.0,WEEK,210g,[],https://courses.monoprix.fr/images-v3/0c44253f-c4a3-4340-9d37-d41e42b9d14a/5eca3f62-0ebb-4984-88ab-f09e496b9502/300x300.jpg
Nos régions de France,e03afe04-ad93-4c29-a07c-853662fdc6ff,MPX_1920350,Monoprix Gourmet Reblochon Fermier AOP environ 260g,7.15,27.5,"['Nos régions de France', 'Auvergne Rhône Alpes', 'Fromages régionaux et crèmerie']",Monoprix Gourmet,True,False,false,6.0,DAY,260,[],https://courses.monoprix.fr/images-v3/0c44253f-c4a3-4340-9d37-d41e42b9d14a/4fd23224-c9bf-4634-a62f-918a659db5c9/300x300.jpg
Nos régions de France,381ba7c5-bb53-4d35-80a8-f4e7ee755c77,MPX_3355045,Monoprix Bio Origines Duo de Riz de Camargue IGP 500g,3.99,7.98,"['Epicerie Salée', 'Pâte, Riz, Céréale et Purée', 'Pâte, Riz, Purée et Légume sec bio']",Monoprix Bio Origines,True,False,false,6.0,MONTH,500g,[],https://courses.monoprix.fr/images-v3/0c44253f-c4a3-4340-9d37-d41e42b9d14a/54dfdcd6-9869-45b3-ab19-2c65b9d86aa1/300x300.jpg
Nos régions de France,78836165-d533-45dd-9d79-d5cc6cc330b7,MPX_882565,Château Virant Huile D'Olive Vierge Extra D'Aix En Provence Aoc 50Cl,19.9,39.8,"['Nos régions de France', 'Paca', 'Provence']",Château Virant,True,False,false,6.0,MONTH,500ml,[],https://courses.monoprix.fr/images-v3/0c44253f-c4a3-4340-9d37-d41e42b9d14a/df50fe9e-5f8a-44dc-9419-7f9a6d974d17/300x300.jpg
Nos régions de France,c31c40fb-0afc-4999-8382-e006927743f9,MPX_5084482,Bret's Chips Saveur sauce Pommes Frite 125g,1.69,13.52,"['Epicerie Salée', 'Produit apéritif', 'Chips et Biscuit Apéritif', 'Chips']",Brets,True,False,false,2.0,MONTH,125g,[],https://courses.monoprix.fr/images-v3/0c44253f-c4a3-4340-9d37-d41e42b9d14a/43e79934-9597-40fd-9487-d40fe0a629b6/300x300.jpg
Nos régions de France,03cbd71c-08df-41d7-825d-b52ff0b689e5,MPX_1739437,Monoprix Gourmet Fromage Selles Sur Cher AOP 150g,4.99,33.27,"['Nos sélections', 'Inspiration du moment', 'Sélection Charcuterie et Fromage']",Monoprix Gourmet,True,False,false,4.0,DAY,150g,[],https://courses.monoprix.fr/images-v3/0c44253f-c4a3-4340-9d37-d41e42b9d14a/f0ebaeb0-3b41-43ca-bd52-270de5a9353e/300x300.jpg
Nos régions de France,852be67c-e388-487a-8ed4-596c431a1aec,MPX_1397951,Fermiers De Loué Cuisse De Poulet Fermier Jaune 480G,6.69,13.94,"['Boucherie et Volaille', 'Volaille', 'Poulet']",Loué,True,False,false,4.0,DAY,480g,[],https://courses.monoprix.fr/images-v3/0c44253f-c4a3-4340-9d37-d41e42b9d14a/e3eff1fa-17f3-4416-81a2-737497a86a9f/300x300.jpg
Nos régions de France,748fe844-98a4-4d9d-8b90-d60e3b5ac5dc,MPX_1743151,Pierre Schmidt Flammekueche L'Originale Lot De 2 X 400 Grs,7.39,9.24,"['Nos régions de France', 'Grand Est', 'Alsace']",Pierre SCHMIDT,True,False,false,6.0,DAY,800g,[],https://courses.monoprix.fr/images-v3/0c44253f-c4a3-4340-9d37-d41e42b9d14a/fc282f37-b3de-4bbb-a135-62c4f10cb2c9/300x300.jpg
Nos régions de France,8108b4c6-c169-4df6-8430-26464247cbc7,MPX_4002924,Le vieux pane Fromage crémeux brique affinée 150g,2.29,15.27,"['Nos régions de France', 'Pays de la Loire', 'Fromage']",Le vieux Pané ,True,False,false,1.0,WEEK,150g,[],https://courses.monoprix.fr/images-v3/0c44253f-c4a3-4340-9d37-d41e42b9d14a/20b0e294-ae4e-4468-83aa-886e84b2c1ab/300x300.jpg
Nos régions de France,542103dd-ab48-4a25-be0d-3433aad0631b,MPX_1539695,Willm Pinot Gris Appellation D'Orgine Contrôlée 75Cl,8.9,11.87,"['Nos régions de France', 'Grand Est', 'Alsace']",WILLM,True,False,false,,,750ml,[],https://courses.monoprix.fr/images-v3/0c44253f-c4a3-4340-9d37-d41e42b9d14a/e740fd8e-3806-4ac6-a1ff-70129ff50ebf/300x300.jpg
Nos régions de France,4f463053-e263-43b6-9495-161cc2ed92de,MPX_1257985,La Belle Chaurienne Cassoulet au canard 840g,7.85,9.35,"['Epicerie Salée', 'Conserve', 'Plat cuisiné en conserve']",La Belle Chaurienne,True,False,false,1.0,YEAR,840g,[],https://courses.monoprix.fr/images-v3/0c44253f-c4a3-4340-9d37-d41e42b9d14a/436b6f14-1b05-4d5c-a8e9-12efa56b50a1/300x300.jpg
Nos régions de France,377183e1-10c9-43f7-a286-c2ad22919e9a,MPX_1544064,La Teurgoule De Janville Teurgoule Cannelle 150G,1.29,8.6,"['Nos régions de France', 'Normandie', 'Crème, fromage et beurre']",La Teurgoule de Janville,True,False,false,1.0,WEEK,150g,['Produit végétarien'],https://courses.monoprix.fr/images-v3/0c44253f-c4a3-4340-9d37-d41e42b9d14a/1f91d4da-7780-4449-9164-b7c1805c8dcb/300x300.jpg
Nos régions de France,fa43cb49-a360-42f3-b5f0-7d0d7ec5dbf9,MPX_89629,Poilane Pain aux noix tranché 300g,5.29,17.63,"['Nos sélections', 'Inspiration du moment', '& Le Coin du marché', 'Pains et viennoiseries']",POILÂNE,True,False,false,1.0,DAY,300g,[],https://courses.monoprix.fr/images-v3/0c44253f-c4a3-4340-9d37-d41e42b9d14a/fb238632-f66c-4136-b205-c61b64ee1f60/300x300.jpg
Nos régions de France,d48deadb-bef5-40a3-9a03-625bf9a5416c,MPX_1312753,"Cave De Turckheim Crémant D'Alsace Aop, Brut 75cl",7.99,10.65,"['Nos régions de France', 'Grand Est', 'Alsace']",Cave de Turckheim,True,False,false,,,750ml,['Produit végétarien'],https://courses.monoprix.fr/images-v3/0c44253f-c4a3-4340-9d37-d41e42b9d14a/3662f94e-60ec-47a3-bcfd-e79963ec2a81/300x300.jpg
Nos régions de France,09ba210e-7c27-48c2-adf3-0722ffc7788f,MPX_2366731,Cueillettes et Cuisine Romarin 20g,1.69,1.69,"['Fruits & Légumes', 'Légumes Frais', 'Herbes Aromatiques et Epices']",Cueillettes et Cuisine,True,False,false,1.0,DAY,,[],https://courses.monoprix.fr/images-v3/0c44253f-c4a3-4340-9d37-d41e42b9d14a/0bd2fe4f-0b81-4709-99cf-7f05a0be8aa5/300x300.jpg
Nos régions de France,63dbd4d4-d122-4e1c-b1d8-39423657e0f8,MPX_3537899,Chambost Le Saucisson Sec 250G,6.99,27.96,"['Nos régions de France', 'Auvergne Rhône Alpes', 'Jambon, saucisson et charcuterie']",CHAMBOST,True,False,false,3.0,WEEK,250g,[],https://courses.monoprix.fr/images-v3/0c44253f-c4a3-4340-9d37-d41e42b9d14a/064a55da-24c6-4a75-ae01-257b8ad0d31f/300x300.jpg
Nos régions de France,d440807b-edf9-4e73-b0b2-be5bca964b37,MPX_3179522,Monoprix Bio Saint-Félicien moulé à la louche 150g,4.25,28.33,"['Bio', 'Crèmerie bio', 'Fromage bio']",Monoprix Bio,True,False,false,1.0,WEEK,150g,['Produit bio'],https://courses.monoprix.fr/images-v3/0c44253f-c4a3-4340-9d37-d41e42b9d14a/5f161c54-b14a-4c44-888d-6085f8a709ac/300x300.jpg
Nos régions de France,2d468e5e-4091-49a7-b942-de068450d6ff,MPX_1789362,Conserverie Provenca Conserverie Anchois Sel 130G,2.65,20.38,"['Nos régions de France', 'Paca', 'Provence']",Conserveries Provençales,True,False,false,2.0,MONTH,130g,[],https://courses.monoprix.fr/images-v3/0c44253f-c4a3-4340-9d37-d41e42b9d14a/16d4504e-8843-43a0-b6c5-eca10e89493a/300x300.jpg
Nos régions de France,248077d8-9099-4b1e-9dec-a1fccc999c8c,MPX_3513647,"Les Niçois Mini-Pizzetta, Tomate, Origan de Tata Josie 180g",4.19,23.28,"['Epicerie Salée', 'Produit apéritif', 'Chips et Biscuit Apéritif', 'Crackers et Bretzel']",Les nicois,True,False,false,2.0,MONTH,180g,[],https://courses.monoprix.fr/images-v3/0c44253f-c4a3-4340-9d37-d41e42b9d14a/e5aa3c5e-e6c0-437e-bc23-fb56abb6193b/300x300.jpg
Nos régions de France,6ad80fe8-3a8d-4c74-b7a4-c81d74d6fe08,MPX_1837279,Monoprix Tarte Tatin Caramélisée Pâte Pur Beurre Surgelée 600 G,7.55,12.58,"['Nos régions de France', 'Centre Val de Loire', 'Confiseries, chocolats et biscuits']",Monoprix,True,False,false,2.0,MONTH,600g,['Produit congelé'],https://courses.monoprix.fr/images-v3/0c44253f-c4a3-4340-9d37-d41e42b9d14a/b56a181b-2f6f-4144-8f51-3800ca5d1bf8/300x300.jpg
Nos régions de France,89281a60-74ae-4f05-b39a-029388e4a4b0,MPX_3367088,La Belle Chaurienne Saucisse De Toulouse Label Rouge Aux Lentilles Vertes Du Berry 420g,4.59,10.93,"['Epicerie Salée', 'Conserve', 'Plat cuisiné en conserve']",La Belle Chaurienne,True,False,false,1.0,YEAR,420g,[],https://courses.monoprix.fr/images-v3/0c44253f-c4a3-4340-9d37-d41e42b9d14a/3ad9169b-742d-49ad-82d4-3a346d696813/300x300.jpg
Nos régions de France,dd9b02a1-06eb-451d-a402-46ed4aea2204,MPX_1932979,Monoprix Salers Aop,5.15,24.5,"['Nos régions de France', 'Auvergne Rhône Alpes', 'Auvergne']",Monoprix,True,False,false,1.0,WEEK,210,[],https://courses.monoprix.fr/images-v3/0c44253f-c4a3-4340-9d37-d41e42b9d14a/62f3260c-1528-4e31-b6cb-d10f5cea6687/300x300.jpg
Nos régions de France,38e14bba-c250-43cd-b313-910b8bf3e7dd,MPX_3174351,Robes Blanches Saucisson sec de campagne label rouge 200g,7.25,36.25,"['Nos régions de France', 'Normandie', 'Charcuterie']",Roches blanches,True,False,false,4.0,WEEK,200g,[],https://courses.monoprix.fr/images-v3/0c44253f-c4a3-4340-9d37-d41e42b9d14a/78f472f1-4b07-4492-acbf-e47300a739c8/300x300.jpg
Nos régions de France,eda837ee-5f78-421f-95e1-4a9607bfc4fe,MPX_3753299,Château Arnaude Côtes De Provence Vin Rosé Aop 75Cl,9.0,12.0,"['Nos régions de France', 'Paca', 'Provence']",LES VINS BREBAN,True,False,false,,,750ml,[],https://courses.monoprix.fr/images-v3/0c44253f-c4a3-4340-9d37-d41e42b9d14a/2721bf63-f6a2-40d0-8815-64447e351ab4/300x300.jpg
Nos régions de France,c43ec2fa-8ec0-448f-a47f-64029b99cb41,MPX_2306261,Pogne de Romans Fraiche 500g,5.6,11.2,"['Pain et Viennoiserie', 'Pain au lait et Brioche', 'Brioche individuelle']",Podis,True,False,false,6.0,DAY,500g,[],https://courses.monoprix.fr/images-v3/0c44253f-c4a3-4340-9d37-d41e42b9d14a/e78c77b0-5b46-4d89-af69-22b88ed81b96/300x300.jpg
Nos régions de France,51b7ac89-212a-4dac-9570-75c8fde74a35,MPX_1467547,Loué Loué Cuisse De Dinde 650g,6.17,9.49,"['Boucherie et Volaille', 'Volaille', 'Dinde']",LOUE,True,False,false,3.0,DAY,650,[],https://courses.monoprix.fr/images-v3/0c44253f-c4a3-4340-9d37-d41e42b9d14a/b42b969d-031e-431b-bd75-1611d6c21ae8/300x300.jpg
Nos régions de France,3d2882bc-9ed9-4507-95aa-f653374b9e82,MPX_1253857,Laurier séché pochette 40g,1.99,49.75,"['Fruits & Légumes', 'Légumes Frais', 'Herbes Aromatiques et Epices']",Monoprix,True,False,false,1.0,MONTH,40g,[],https://courses.monoprix.fr/images-v3/0c44253f-c4a3-4340-9d37-d41e42b9d14a/016ffd23-e278-4c66-a05b-727dbe50031a/300x300.jpg
Nos régions de France,6e57777f-08f5-4eb1-a426-e79ff320f6cf,MPX_2352083,Pot de Romarin Bio 400g,1.99,4.98,"['Fruits & Légumes', 'Légumes Frais', 'Légumes Bio']",Monoprix,True,False,false,1.0,DAY,400g,['Produit bio'],https://courses.monoprix.fr/images-v3/0c44253f-c4a3-4340-9d37-d41e42b9d14a/5ec531a9-113e-4239-a8bd-ee5d6e896802/300x300.jpg
Nos régions de France,6d8fdb57-1666-4f45-b584-a6e4091c1950,MPX_2065195,Saint-André Figuière Cuvée Rosalie Côtes De Provence Rosé Aop Bio 75cl,13.9,18.53,"['Bio', 'Boisson et Cave bio', 'Cave bio']",Saint-Andre de Figuiere Cuvee Rosalie,True,False,false,,,75cl,['Produit bio'],https://courses.monoprix.fr/images-v3/0c44253f-c4a3-4340-9d37-d41e42b9d14a/2a8e57f7-851e-4cd2-9d46-ba864ba54fc8/300x300.jpg
Nos régions de France,543d3a96-2fd2-42c1-a63e-5fc130521ee7,MPX_2008362,Camembert d'Isigny bio 250g,4.99,19.96,"['Nos régions de France', 'Normandie', 'Les marques de la région']",Isigny Sainte Mère,True,False,false,1.0,WEEK,250g,['Produit bio'],https://courses.monoprix.fr/images-v3/0c44253f-c4a3-4340-9d37-d41e42b9d14a/69e02337-871a-4d10-b726-bcb525ed6e5d/300x300.jpg
Nos régions de France,f72f2b27-c046-4166-8dc1-699445efe893,MPX_2548225,La Goudale Grand Cru Bière Blonde 75Cl,3.95,5.27,"['Bière, Cave et Spiritueux', 'Bières et Cidres', 'Cave à Bières']",LA GOUDALE,True,False,false,1.0,MONTH,75cl,[],https://courses.monoprix.fr/images-v3/0c44253f-c4a3-4340-9d37-d41e42b9d14a/635a29df-e5b5-4ae5-a964-c18b602532f2/300x300.jpg
Nos régions de France,670fec30-13a7-42af-81c7-cb6a284fbaa2,MPX_2427286,Conserverie Provenca Anchois Marines à l'Ail Barquette 200g,3.99,19.95,"['Nos régions de France', 'Paca', 'Provence']",Conserveries Provençales,True,False,false,1.0,MONTH,200g,[],https://courses.monoprix.fr/images-v3/0c44253f-c4a3-4340-9d37-d41e42b9d14a/89c3fde0-b3c8-40f4-bc4f-e1e20d7bf3cf/300x300.jpg
Nos régions de France,ac84c837-cfe3-4b7e-b89c-3bb620f99d1f,MPX_1527393,"E. Graindorge Camembert Au Lait Cru, Normandie 250G",4.49,17.96,"['Nos régions de France', 'Normandie', 'Crème, fromage et beurre']",E. Graindorge,True,False,false,1.0,WEEK,250g,[],https://courses.monoprix.fr/images-v3/0c44253f-c4a3-4340-9d37-d41e42b9d14a/c482d8ac-0961-412a-b685-72d07fea8b51/300x300.jpg
Nos régions de France,e4d2c354-16df-49a2-a32d-2ca07433f253,MPX_1891060,Les Pâtisseries d'Hubert Canelés de Bordeaux x12 180g,3.75,20.83,"['Nos régions de France', 'Nouvelle-Aquitaine', 'Aquitaine']",Les Patisseries d'Hubert,True,False,false,1.0,WEEK,12 x 15g,['Produit végétarien'],https://courses.monoprix.fr/images-v3/0c44253f-c4a3-4340-9d37-d41e42b9d14a/adf10cd1-b04f-4c76-b7d3-8c5f195de5af/300x300.jpg
Nos régions de France,ea2e668e-b930-48f0-b6d9-881493afc9fc,MPX_2158123,"Complices De Loire Bourgueil Aop, Vin Rouge 75Cl",6.9,9.2,"['Nos régions de France', 'Pays de la Loire', 'Vin, liqueur et soupe angevine']",Complices de Loire,True,False,false,,,750ml,[],https://courses.monoprix.fr/images-v3/0c44253f-c4a3-4340-9d37-d41e42b9d14a/989193c6-ffe5-4041-a282-c89082dbbf93/300x300.jpg
Nos régions de France,07abe182-7cab-4d1e-8ff3-5e6793cf1ae6,MPX_154472,Lou Pérac Le Palet De Brebis 100g,2.39,23.9,"['Nos régions de France', 'Occitanie', 'Midi Pyrénées']",Lou Perac,True,False,false,1.0,WEEK,100g,[],https://courses.monoprix.fr/images-v3/0c44253f-c4a3-4340-9d37-d41e42b9d14a/9b12bfdb-add5-46dc-8359-d458012190f5/300x300.jpg
Nos régions de France,729eaed9-1961-4517-a590-58e29d291174,MPX_1243962,Monoprix Gourmet Jambon De Savoie Affiné 10 Mois Minimum 80 G,3.95,49.38,"['Nos sélections', 'Inspiration du moment', 'Sélection Charcuterie et Fromage']",Monoprix Gourmet,True,False,false,4.0,WEEK,80g,[],https://courses.monoprix.fr/images-v3/0c44253f-c4a3-4340-9d37-d41e42b9d14a/9d29f06f-1df6-4152-a99b-7c9bf94b91be/300x300.jpg
Nos régions de France,2eaa04b4-09d7-4aa5-99e6-54d824bd4f36,MPX_897094,"Cave De Beblenheim Riesling Vin Blanc D'Alsace 37,5Cl",3.95,10.53,"['Bière, Cave et Spiritueux', 'Cave à vins', 'Vins à petits prix', 'Vin Blanc']",CAVE DE BEBLENHEIM,True,False,false,,,375ml,[],https://courses.monoprix.fr/images-v3/0c44253f-c4a3-4340-9d37-d41e42b9d14a/bce2ecb1-d8da-45a2-97f1-5454796ee40e/300x300.jpg
Nos régions de France,572dc11b-5c6e-4a4c-ae02-5b5b5c1b663c,MPX_3955039,Les Niçois Houmous aux poivrons de Papi Lucien 180g,4.25,23.61,"['Epicerie Salée', 'Produit apéritif', 'Tartinable et Produit de la Mer', 'Houmous et Tarama']",Les Niçois,True,False,false,1.0,WEEK,180g,[],https://courses.monoprix.fr/images-v3/0c44253f-c4a3-4340-9d37-d41e42b9d14a/d026ae16-9873-4e59-a778-7058dbb88b7c/300x300.jpg
Nos régions de France,615aad81-0d16-4558-a436-df6c91f642a2,MPX_150887,Conserverie Provençal Boite 1/15 Filets D'Anchois En Sauce Piquante 50g,1.89,59.06,"['Nos régions de France', 'Paca', 'Provence']",Conserveries Provençales,True,False,false,2.0,MONTH,32g,[],https://courses.monoprix.fr/images-v3/0c44253f-c4a3-4340-9d37-d41e42b9d14a/2dc18325-e4f6-4c8e-9fff-8aa8f3f1502d/300x300.jpg
Nos régions de France,060d197d-835b-4ea9-ac6a-71d2e5aa0b16,MPX_1236707,Boule D'Or Dés De Mimolette Française 150g,5.29,35.27,"['Epicerie Salée', 'Produit apéritif', 'Fromage apéritif']",BOULE D'OR,True,False,false,1.0,WEEK,150g,[],https://courses.monoprix.fr/images-v3/0c44253f-c4a3-4340-9d37-d41e42b9d14a/7ab023ba-bccd-43e7-b7a0-14fc363f07ad/300x300.jpg
Nos régions de France,9d8c2e5c-c2d3-4722-badf-b7b30a449f0f,MPX_2888417,Ninkasi Bière India Pale Ale 75cl,5.59,7.45,"['Bière, Cave et Spiritueux', 'Bières et Cidres', 'Cave à Bières']",Ninkasi,True,False,false,6.0,MONTH,750ml,[],https://courses.monoprix.fr/images-v3/0c44253f-c4a3-4340-9d37-d41e42b9d14a/da5654bc-27bc-4b80-9f09-1a295dca584b/300x300.jpg
Nos régions de France,9c4e6131-d19f-4194-b39f-38e9f4b54bdb,MPX_4028309,Bret's Chips Saveur Chèvre et Piment d’Espelette 125g,2.29,18.32,"['Epicerie Salée', 'Produit apéritif', 'Chips et Biscuit Apéritif', 'Chips']",Brets,True,False,false,2.0,MONTH,125g,[],https://courses.monoprix.fr/images-v3/0c44253f-c4a3-4340-9d37-d41e42b9d14a/afc15837-8541-4964-bb2b-6d4899e471c7/300x300.jpg
Nos régions de France,b6508684-5868-44e3-bf6b-9a74f050146b,MPX_968786,Vieux Pané Fromage Crémeux Et Finement Typé 200g,4.09,20.45,"['Nos régions de France', 'Pays de la Loire', 'Fromage']",Vieux pane,True,False,false,1.0,WEEK,200g,[],https://courses.monoprix.fr/images-v3/0c44253f-c4a3-4340-9d37-d41e42b9d14a/8057163c-2ec1-4694-b815-4322743f934d/300x300.jpg
Nos régions de France,322b93ba-fb37-424c-8a8b-4665be6ea5bb,MPX_3305898,Bourgogne Pinot Noir Les Ursulines Jean Claude Boisset 75cl,14.9,19.87,"['Nos régions de France', 'Bourgogne Franche Comté', 'Bourgogne']",Jean Claude Boisset,True,False,false,,,750ml,[],https://courses.monoprix.fr/images-v3/0c44253f-c4a3-4340-9d37-d41e42b9d14a/c907b68a-f927-4d78-8510-94e8460d7cc6/300x300.jpg
Nos régions de France,c31ed4d8-da95-4ef5-aa30-794b09160e7f,MPX_2626350,Le Trésor Des Dieux Anchois Entires Façon Sardine 80.5G,3.39,42.38,"['Nos régions de France', 'Pays de la Loire', 'Mogette et sardine']",LE TRESOR DES DIEUX,True,False,false,1.0,YEAR,80g,[],https://courses.monoprix.fr/images-v3/0c44253f-c4a3-4340-9d37-d41e42b9d14a/bac5dc22-dece-436f-83b0-17e851fb43dc/300x300.jpg
Nos régions de France,bd5dcfe1-452f-43d3-93dc-35ef0368de58,MPX_2521318,Chaussée aux Moines 450g,5.15,11.44,"['Nos sélections', 'Inspiration du moment', '& Sélection gros formats', 'Crèmerie']",Chaussée aux Moines,True,False,false,2.0,WEEK,450g,[],https://courses.monoprix.fr/images-v3/0c44253f-c4a3-4340-9d37-d41e42b9d14a/b40c4ad7-1e09-4276-80c4-4a9ea3f2586c/300x300.jpg
Nos régions de France,4178d3ca-52a1-4fe4-9d5f-9a385f4fe153,MPX_2216693,La Belle Etoile Cancoillotte à l'ail 250G,3.29,13.16,"['Nos régions de France', 'Bourgogne Franche Comté', 'Franche Comté']",LA BELLE ETOILE,True,False,false,2.0,WEEK,250g,[],https://courses.monoprix.fr/images-v3/0c44253f-c4a3-4340-9d37-d41e42b9d14a/1d1e59c9-010c-4ab8-9bf2-cb657c89826e/300x300.jpg
Nos régions de France,e6a63c9a-3c56-4fef-8bac-b44ddd8e10b1,MPX_3171419,Picodon Aop 2X60G,4.49,37.42,"['Nos régions de France', 'Auvergne Rhône Alpes', 'Dauphiné']",Autre Marque,True,False,false,1.0,WEEK,120g,[],https://courses.monoprix.fr/images-v3/0c44253f-c4a3-4340-9d37-d41e42b9d14a/a8e69bf5-678d-4515-b788-fd73703c9696/300x300.jpg
Nos régions de France,d870eb76-1cb1-44b4-9a66-00bfe95faaca,MPX_4124044,Saint Jean Ravioles à Poêler au Fromage Frais Basilic de Provence 310g,4.29,13.84,"['Nos régions de France', 'Auvergne Rhône Alpes', 'Crozets, ravioles, quenelles et pâtes']",Saint-Jean,True,False,false,1.0,WEEK,310g,[],https://courses.monoprix.fr/images-v3/0c44253f-c4a3-4340-9d37-d41e42b9d14a/00035840-a84f-44c9-a092-b584aed36a25/300x300.jpg
Nos régions de France,b4224287-5fa9-43e5-953e-f033f5d00b1f,MPX_568344,Savoie Yaourt nature au lait entier pot carton 4x125g,2.05,4.1,"['Nos régions de France', 'Auvergne Rhône Alpes', 'Fromages régionaux et crèmerie']",Savoie Yaourt,True,False,false,1.0,WEEK,4 x 125g,[],https://courses.monoprix.fr/images-v3/0c44253f-c4a3-4340-9d37-d41e42b9d14a/521aaea7-a523-4b84-8a42-4df58d472067/300x300.jpg
Nos régions de France,1c49c310-4cd9-4ae6-97d5-14f41dd25b97,MPX_3174349,Roches Blanches Saucisse Sèche de Campagne Pur Porc 200g,7.25,36.25,"['Nos régions de France', 'Normandie', 'Charcuterie']",Roches blanches,True,False,false,4.0,WEEK,200g,[],https://courses.monoprix.fr/images-v3/0c44253f-c4a3-4340-9d37-d41e42b9d14a/f6205bbc-e6cb-41d0-ac7a-e72699ff7fa0/300x300.jpg
Nos régions de France,190f8e2c-bff0-4317-a329-f4edd7f62fdb,MPX_4016620,Brasserie Mont Blanc Bière La Blonde 5.8° 75cl,5.99,7.99,"['Bière, Cave et Spiritueux', 'Bières et Cidres', 'Cave à Bières']",Brasserie du mont blanc,True,False,false,6.0,MONTH,750ml,[],https://courses.monoprix.fr/images-v3/0c44253f-c4a3-4340-9d37-d41e42b9d14a/84bfd219-81db-4703-877e-4779b4a9c787/300x300.jpg
Nos régions de France,e59e8ecf-4bf8-4541-9617-2f22699542d9,MPX_2352117,Provence Tradition Bouquets Garnis Biologiques x4 16g,4.79,299.38,"['Nos régions de France', 'Paca', 'Provence']",PROVENCE TRADITION,True,False,false,1.0,YEAR,16g,[],https://courses.monoprix.fr/images-v3/0c44253f-c4a3-4340-9d37-d41e42b9d14a/d0e710a1-1c6e-4b19-a3db-d785ce609145/300x300.jpg
Nos régions de France,8083fb6d-0dd7-4f8d-9496-ff676b10d35a,MPX_4219902,BAM&Co Confibam Confiture Fraise Bio 225g,5.99,26.62,"['Epicerie Sucrée', 'Confiture, Pâte à tartiner et Miel', 'Confiture, Miel et Pâte à tartiner bio']",BAM&Co,True,False,false,6.0,MONTH,225g,"['Produit végétarien', 'Produit vegan', 'Produit bio']",https://courses.monoprix.fr/images-v3/0c44253f-c4a3-4340-9d37-d41e42b9d14a/0e32c43f-0044-4d34-a64c-b1d8d38ce0da/300x300.jpg
Nos régions de France,a18aebcd-c447-40cf-bd72-971cc185ef3e,MPX_92658,Jean Martin Riste d'Aubergine 600g,7.85,13.08,"['Nos régions de France', 'Paca', 'Provence']",Jean martin,True,False,false,1.0,YEAR,600g,[],https://courses.monoprix.fr/images-v3/0c44253f-c4a3-4340-9d37-d41e42b9d14a/8cebe9b5-8ab2-44ca-b7f5-148fd24e9de0/300x300.jpg
Nos régions de France,607b740d-cb6c-47ba-91fa-715cd19db1cd,MPX_3209324,"Jean Martin Riste D'Aubergines Au Thym Et Au Laurier, Bio 360G",6.95,19.36,"['Bio', 'Epicerie salée bio', 'Conserve bio']",Jean Martin,True,False,false,1.0,YEAR,359g,['Produit bio'],https://courses.monoprix.fr/images-v3/0c44253f-c4a3-4340-9d37-d41e42b9d14a/9fb1e64b-c3fc-480a-b0d2-1f166e5ae5dd/300x300.jpg
Nos régions de France,7fa64550-7577-47df-9489-a01a12bdce24,MPX_1964784,Famille Amirault-Grosbois Les Silices Saint-Nicolas de Bourgueil vin rouge bio 75cl,12.1,16.13,"['Bio', 'Boisson et Cave bio', 'Cave bio']",Famille Amirault-Grosbois,True,False,false,,,75cl,['Produit bio'],https://courses.monoprix.fr/images-v3/0c44253f-c4a3-4340-9d37-d41e42b9d14a/894dc128-b207-44cc-a24c-8b69228abfbc/300x300.jpg
Nos régions de France,96919968-a429-4dea-8ff1-6065fbaab8f7,MPX_2414487,"Stoeffler Assiette alsacienne, saucisse de jambon pistachée, saucisse princesse pistachée et saucisse de Lyon fine 225g",4.59,20.4,"['Nos régions de France', 'Grand Est', 'Alsace']",Stoeffler,True,False,false,1.0,WEEK,225g,[],https://courses.monoprix.fr/images-v3/0c44253f-c4a3-4340-9d37-d41e42b9d14a/f9473bd3-4f17-4983-9b10-1e28deda6b2c/300x300.jpg
Nos régions de France,7590717f-bc28-4aaa-a66d-bce45300f51f,MPX_3487337,Cueillettes et Cuisine Thym barquette 20g,1.69,1.69,"['Fruits & Légumes', 'Prêts à consommer', 'Herbes Aromatiques et Epices']",Cueillettes et Cuisine,True,False,false,1.0,DAY,,[],https://courses.monoprix.fr/images-v3/0c44253f-c4a3-4340-9d37-d41e42b9d14a/f4cb3e1f-22da-4b3f-9515-8a901d968594/300x300.jpg
Nos régions de France,703647b3-7fea-476b-b0b2-fef3dab97801,MPX_2836442,Martin Zahn Château Monestier Riesling Vin d’alsace Aoc 75cl,8.9,11.87,"['Nos régions de France', 'Grand Est', 'Alsace']",CAVE DE RIBEAUVILLE,True,False,false,,,750ml,[],https://courses.monoprix.fr/images-v3/0c44253f-c4a3-4340-9d37-d41e42b9d14a/c57cdd3e-b496-44ed-a2ba-a699c5d2ce4f/300x300.jpg
Nos régions de France,2721fc60-45a2-4c91-93ac-6354ee737f98,MPX_1935125,Beghin Say Beghin Say 500G Suc.Vergeoise Blond.B-Say,2.29,4.58,"['Nos régions de France', 'Hauts de France', 'Nord-Pas-De-Calais']",Béghin Say,True,False,false,,,500g,['Produit végétarien'],https://courses.monoprix.fr/images-v3/0c44253f-c4a3-4340-9d37-d41e42b9d14a/72b7d965-6735-4011-86e7-fd5e28e385c2/300x300.jpg
Nos régions de France,cbf448a1-26c9-4318-be4d-5bd27ea35bf1,MPX_4196739,Prunier Rillette du mans de porc fermier français 100g,2.39,23.9,"['Nos régions de France', 'Pays de la Loire', 'Volaille, rillettes et œufs']",Maison Prunier,True,False,false,1.0,WEEK,100g,[],https://courses.monoprix.fr/images-v3/0c44253f-c4a3-4340-9d37-d41e42b9d14a/3d36d52b-bc2a-4a7f-bab8-bc9df8ab3e0c/300x300.jpg
Nos régions de France,2cd9165a-8aae-4f8b-9c28-05d64dff8611,MPX_721823,Paillard Ter.Tripes Caen/Ancien Bol 500,8.19,16.38,"['Nos régions de France', 'Normandie', 'Tripes, rillettes et plats cuisinés']",Tripes Paillard,True,False,false,2.0,WEEK,500g,[],https://courses.monoprix.fr/images-v3/0c44253f-c4a3-4340-9d37-d41e42b9d14a/029b31f0-ec7d-4887-9efa-a8aa27b9b6c9/300x300.jpg
Nos régions de France,654dd591-38f2-4b37-baa4-fd25964d51d3,MPX_1399168,Giraudet Bq Petite Quenelle Nature 300G,5.55,18.5,"['Nos régions de France', 'Auvergne Rhône Alpes', 'Crozets, ravioles, quenelles et pâtes']",Giraudet,True,False,false,1.0,WEEK,300g,['Produit végétarien'],https://courses.monoprix.fr/images-v3/0c44253f-c4a3-4340-9d37-d41e42b9d14a/36cc7245-3270-4b28-bcb2-9cc6d3c6d5ec/300x300.jpg
Nos régions de France,56f31693-ccea-4fe4-a5c7-00550a69cb99,MPX_2277864,Isigny Sainte Mère Fromage Frais aux fraises 500g,3.35,6.7,"['Nos régions de France', 'Normandie', 'Les marques de la région']",Isigny Sainte Mère,True,False,false,1.0,WEEK,500g,[],https://courses.monoprix.fr/images-v3/0c44253f-c4a3-4340-9d37-d41e42b9d14a/672f62b4-19fb-4dfd-a85e-7949a4a68a95/300x300.jpg
Nos régions de France,031e1bf2-9929-4647-9615-265c12f57f1f,MPX_3072888,Les Trois Terroirs Sancerre Tradition Blanc Bio Domaine Fleuriet 75cl,16.9,22.53,"['Bière, Cave et Spiritueux', 'Cave Bio', 'Vins Bio']",LES TROIS TERROIRS,True,False,false,,,750ml,['Produit bio'],https://courses.monoprix.fr/images-v3/0c44253f-c4a3-4340-9d37-d41e42b9d14a/e69afcdf-de51-48ce-88ff-2d0fdd4eff8e/300x300.jpg
Nos régions de France,2f8cc6fe-3b1e-49f5-a44a-a635a17a83b6,MPX_2848938,"Le Trésor des Dieux Sardines au Naturel sans arête 80,5g",2.99,37.38,"['Nos régions de France', 'Pays de la Loire', 'Mogette et sardine']",Les Dieux,True,False,false,1.0,YEAR,80g,[],https://courses.monoprix.fr/images-v3/0c44253f-c4a3-4340-9d37-d41e42b9d14a/72cdf9ca-e3e8-4732-be91-f91e8e2c45fa/300x300.jpg
Nos régions de France,c32bd693-b306-4b7c-8cd4-7691b1bdca09,MPX_2427285,Conserverie Provenca Sachet 150 Gr Croutons Nature 150G,2.99,19.93,"['Nos régions de France', 'Paca', 'Provence']",Conserveries Provençales,True,False,false,2.0,MONTH,150g,[],https://courses.monoprix.fr/images-v3/0c44253f-c4a3-4340-9d37-d41e42b9d14a/f937e622-fb40-4b8c-bcce-22a259b09d9d/300x300.jpg
Nos régions de France,7cf2945b-7609-49df-aedf-bc52585d47ca,MPX_1527395,"E. Graindorge Petit Pont L'Evêque, AOC de Normandie 220G",3.79,17.23,"['Nos régions de France', 'Normandie', 'Crème, fromage et beurre']",E. Graindorge,True,False,false,1.0,WEEK,220g,[],https://courses.monoprix.fr/images-v3/0c44253f-c4a3-4340-9d37-d41e42b9d14a/5fbd1b29-7faf-4272-a423-1eff7ee9a87f/300x300.jpg
Nos régions de France,44993977-f828-4d76-827f-24f0418068b8,MPX_1179447,Boule d'Or Mimolette Demi-Vieille Affiné 7 Mois 250g,4.39,17.56,"['Nos régions de France', 'Pays de la Loire', 'Fromage']",BOULE D'OR,True,False,false,2.0,WEEK,250g,[],https://courses.monoprix.fr/images-v3/0c44253f-c4a3-4340-9d37-d41e42b9d14a/82af80f6-e7b1-4701-84ca-15d4dfc7a487/300x300.jpg
Nos régions de France,1b74f6f0-e538-40c2-8d27-403e1ce05430,MPX_2215882,Maxim's De Paris Ballotin 12 Nougats Nature Pistache Et Framboise 80g,7.69,96.13,"['Nos régions de France', 'Ile de France', 'Chocolats et confiseries']",MAXIM S,True,False,false,3.0,WEEK,80g,[],https://courses.monoprix.fr/images-v3/0c44253f-c4a3-4340-9d37-d41e42b9d14a/530c0d4f-1f96-493e-8a2b-0e4d69b3a0d3/300x300.jpg
Nos régions de France,f2709510-4f17-4bbe-a4ad-eb1da7e4fd3c,MPX_3194591,Saucisson Brioche 400G,8.39,20.98,"['Epicerie Salée', 'Produit apéritif', 'Feuilleté, Petit Four, Cake et Bouchée', ""Cake, Préfou et Pain d'Epice""]",Père Anselme,True,False,false,1.0,WEEK,400g,[],https://courses.monoprix.fr/images-v3/0c44253f-c4a3-4340-9d37-d41e42b9d14a/d4a3350f-588d-428a-bc1c-50645b7d513f/300x300.jpg
Nos régions de France,3d7ac840-a197-4e7e-97d3-3f352bc597cf,MPX_4199016,Natoora Mesclun Jeunes Pousses - 100g,2.39,23.9,"['Fruits & Légumes', 'Natoora le Primeur', 'Légumes, Salades et Herbes']",Natoora,True,False,false,2.0,DAY,100g,[],https://courses.monoprix.fr/images-v3/0c44253f-c4a3-4340-9d37-d41e42b9d14a/b2e51fb2-41c9-4108-94f9-2b897e6bd63c/300x300.jpg
Nos régions de France,494a50cb-dabd-415d-9396-b5676662f8ff,MPX_2626412,Famille Vacher Miel De Provence IGP 375g,10.9,29.07,"['Nos régions de France', 'Paca', 'Provence']",FAMILLE VACHER,True,False,false,6.0,MONTH,375g,[],https://courses.monoprix.fr/images-v3/0c44253f-c4a3-4340-9d37-d41e42b9d14a/599c2239-df7e-40ae-9bf3-d932c442d548/300x300.jpg
Nos régions de France,d8cf961c-2be1-40a9-a657-f88bdfbae0be,MPX_2481029,La Mère Poulard cidre artisanal Brut 5.5° 75cl,3.15,4.2,"['Nos régions de France', 'Normandie', 'Calva, cidre et vinaigre']",MERE POULARD ,True,False,false,,,750ml,[],https://courses.monoprix.fr/images-v3/0c44253f-c4a3-4340-9d37-d41e42b9d14a/ec50664a-9cba-4f4a-aeb8-125311a70295/300x300.jpg
Nos régions de France,a52a61ec-d226-4f4e-8ca6-46f8e19f6635,MPX_1037584,Thym Laurier Pochette 40g,1.99,49.75,"['Fruits & Légumes', 'Prêts à consommer', 'Herbes Aromatiques et Epices']",Monoprix,True,False,false,1.0,DAY,40g,[],https://courses.monoprix.fr/images-v3/0c44253f-c4a3-4340-9d37-d41e42b9d14a/44cf4360-49e4-4de4-a133-e9084f342b0d/300x300.jpg
Nos régions de France,433165bc-5767-4ef0-b83a-3d28842216d1,MPX_2006801,Saint Jean Box Ravioles Sauce Forestière aux Morilles 300g,5.79,19.3,"['Nos régions de France', 'Auvergne Rhône Alpes', 'Crozets, ravioles, quenelles et pâtes']",Saint-Jean,True,False,false,1.0,WEEK,300g,[],https://courses.monoprix.fr/images-v3/0c44253f-c4a3-4340-9d37-d41e42b9d14a/47da0841-809c-4538-9216-efc365c94e11/300x300.jpg
Nos régions de France,25ab81fd-be7a-42c5-a21e-49a10b985b37,MPX_4203111,Giraudet Quenelles Fraîches au Beaufort de Savoie AOP 4x80g,5.79,18.09,"['Nos régions de France', 'Auvergne Rhône Alpes', 'Crozets, ravioles, quenelles et pâtes']",Giraudet,True,False,false,1.0,WEEK,320g,[],https://courses.monoprix.fr/images-v3/0c44253f-c4a3-4340-9d37-d41e42b9d14a/1661b30f-c8d8-4f1f-9bf4-48b1c1ad13ee/300x300.jpg
Nos régions de France,0012f9ee-cba7-42e5-87ba-15acc22100fe,MPX_2382976,"Ruhlmann AOP Alsace Sylvaner, Cellier des Maymatten 75cl",5.5,7.33,"['Nos régions de France', 'Grand Est', 'Alsace']",Ruhlmann,True,False,false,,,750ml,[],https://courses.monoprix.fr/images-v3/0c44253f-c4a3-4340-9d37-d41e42b9d14a/20deafb5-2156-420d-8de9-8651a5a664a3/300x300.jpg
Nos régions de France,351f605f-7e23-4c6a-a39c-84ff6dd6bf05,MPX_197197,Micouleau Choux Farcis 400g,6.49,16.23,"['Epicerie Salée', 'Conserve', 'Plat cuisiné en conserve']",MICOULEAU,True,False,false,1.0,YEAR,400g,[],https://courses.monoprix.fr/images-v3/0c44253f-c4a3-4340-9d37-d41e42b9d14a/22d17705-2ca3-4618-89a4-e075de6be8bd/300x300.jpg
Nos régions de France,be68d71d-a2ee-4473-bc5e-1401c76d45dc,MPX_92659,Jean Martin Ratatouille Provençale 600g,7.95,13.25,"['Nos régions de France', 'Paca', 'Provence']",Jean Martin,True,False,false,1.0,YEAR,600g,[],https://courses.monoprix.fr/images-v3/0c44253f-c4a3-4340-9d37-d41e42b9d14a/9cb137c3-0b8f-41a1-8108-0925e4dba768/300x300.jpg
Nos régions de France,1b022256-e394-4c69-8ccb-e347c5fab49e,MPX_4248674,Fol Epi Caractère Tendre & Typé x6 Tranches 130g,2.49,19.15,"['Nos régions de France', 'Pays de la Loire', 'Fromage']",FOL EPI,True,False,false,1.0,WEEK,130g,['Produit végétarien'],https://courses.monoprix.fr/images-v3/0c44253f-c4a3-4340-9d37-d41e42b9d14a/8a548e6f-0ffb-4ac1-b404-a43f9b7b61c7/300x300.jpg
Nos régions de France,399e530d-f56c-427f-b052-a4fb87eba15f,MPX_2712143,Parisis Bière Blonde 33cl,2.99,9.06,"['Bière, Cave et Spiritueux', 'Bières et Cidres', 'Cave à Bières']",Parisis,True,False,false,1.0,MONTH,330ml,[],https://courses.monoprix.fr/images-v3/0c44253f-c4a3-4340-9d37-d41e42b9d14a/832e4d29-efae-427d-a346-e7327064c9a0/300x300.jpg
Nos régions de France,30f10f05-aee5-45c8-a325-64c005954244,MPX_3059575,Étoile Du Vercors Fromage Saint Marcellin Bio 80G,3.29,41.13,"['Bio', 'Crèmerie bio', 'Fromage bio']",Étoile du Vercors,True,False,false,1.0,WEEK,80g,['Produit bio'],https://courses.monoprix.fr/images-v3/0c44253f-c4a3-4340-9d37-d41e42b9d14a/fb1e8c86-8682-4bc0-a2e0-71e6f635506d/300x300.jpg
Nos régions de France,c69fc183-eda5-4c68-a138-2f8de7884eab,MPX_2397383,Giraudet Sauce tomate piment d'Espelette 250g,4.09,16.36,"['Nos régions de France', 'Auvergne Rhône Alpes', 'Crozets, ravioles, quenelles et pâtes']",Giraudet,True,False,false,1.0,WEEK,250g,['Produit végétarien'],https://courses.monoprix.fr/images-v3/0c44253f-c4a3-4340-9d37-d41e42b9d14a/03953fc1-9d4e-4586-b648-12c5252a34c4/300x300.jpg
Nos régions de France,483f324c-a459-4f81-afd7-af924f658865,MPX_89632,Poilane Pavé de Seigle aux Raisins 600g,4.99,8.32,"['Nos régions de France', 'Ile de France', 'Les marques de la région']",POILÂNE,True,False,false,1.0,DAY,600g,[],https://courses.monoprix.fr/images-v3/0c44253f-c4a3-4340-9d37-d41e42b9d14a/f8fd3aea-751e-40e5-9f30-4b93e0ef126e/300x300.jpg
Nos régions de France,d880ab8d-7cb1-4663-98d1-f4c3faa7c873,MPX_4203112,Giraudet Quenelles Fraiches de Brochet Sauvage 320g,5.59,17.47,"['Nos régions de France', 'Auvergne Rhône Alpes', 'Crozets, ravioles, quenelles et pâtes']",Giraudet,True,False,false,1.0,WEEK,320g,[],https://courses.monoprix.fr/images-v3/0c44253f-c4a3-4340-9d37-d41e42b9d14a/7f816ac0-df68-4783-ac86-4a713f550714/300x300.jpg
Nos régions de France,00c7a0ee-ae62-40df-849a-74f792730811,MPX_2158196,Monoprix Gourmet Saucisses de Montbéliard fumées et cuites 250g,8.49,33.96,"['Nos sélections', 'Inspiration du moment', '& Barbecue', 'Boucherie et Volaille']",Monoprix Gourmet,True,False,false,2.0,WEEK,250g,[],https://courses.monoprix.fr/images-v3/0c44253f-c4a3-4340-9d37-d41e42b9d14a/c9165367-11a4-485a-b415-7aba96b486d3/300x300.jpg
Nos régions de France,ab29826c-3b7f-4093-a228-a20e5fc7db64,MPX_3778147,Saint Jean Ravioles du Dauphiné au Comté AOP & Persil 240g,4.59,19.13,"['Nos régions de France', 'Auvergne Rhône Alpes', 'Crozets, ravioles, quenelles et pâtes']",Saint-Jean,True,False,false,1.0,WEEK,240g,[],https://courses.monoprix.fr/images-v3/0c44253f-c4a3-4340-9d37-d41e42b9d14a/031da9a1-22b7-43bb-b45c-b8defc637ccb/300x300.jpg
Nos régions de France,8a09e2d2-ca4f-420b-935a-9a749d3069ff,MPX_78912,Lu Véritable Petit Beurre Biscuits Pocket 300g,2.55,8.5,"['Nos régions de France', 'Pays de la Loire', 'Préfou, brioche et petit beurre']",LU,True,False,false,1.0,MONTH,300g,[],https://courses.monoprix.fr/images-v3/0c44253f-c4a3-4340-9d37-d41e42b9d14a/dd5768cd-088e-4ed7-87fb-85f2ba658562/300x300.jpg
Nos régions de France,cb19bf18-aec8-4f9e-ade0-79c9e024d934,MPX_4206144,Natoora Courgettes Vertes Longues - 500g,3.62,7.24,"['Fruits & Légumes', 'Légumes Frais', 'Aubergines, Courgettes et Poivrons', 'Courgette']",Natoora,True,False,false,4.0,DAY,500g,[],https://courses.monoprix.fr/images-v3/0c44253f-c4a3-4340-9d37-d41e42b9d14a/bb3530e6-f8d1-4110-99ea-0d105cb24048/300x300.jpg
Nos régions de France,8408bd70-fc2a-4123-8497-dd4c601b8b74,MPX_2810944,Pierre Maizière Bourgogne Hautes-Côtes de Nuit Rouge 75cl,12.9,17.2,"['Bio', 'Boisson et Cave bio', 'Cave bio']",BOURGOGNE HAUTES-COTES DE NUITS,True,False,false,,,750ml,[],https://courses.monoprix.fr/images-v3/0c44253f-c4a3-4340-9d37-d41e42b9d14a/af0bbd5e-efde-4d75-9ca9-8c381da46fbb/300x300.jpg
Nos régions de France,5795b23d-4c12-4be4-aeee-76cb2afe9ce0,MPX_1467559,Loué Escalope De Dinde Fine X2 250G,6.58,28.59,"['Boucherie et Volaille', 'Volaille', 'Dinde']",LOUE,True,False,false,4.0,DAY,230,[],https://courses.monoprix.fr/images-v3/0c44253f-c4a3-4340-9d37-d41e42b9d14a/48b25560-5fd3-4a4b-9589-a85f2595e347/300x300.jpg
Nos régions de France,4d01168c-d0cd-4423-b1e3-28bdd340b7e5,MPX_1243953,Monoprix Gourmet Saint-Félicien au lait cru 180g,3.09,17.17,"['Nos sélections', 'Inspiration du moment', 'Sélection Charcuterie et Fromage']",Monoprix Gourmet,True,False,false,1.0,WEEK,180g,[],https://courses.monoprix.fr/images-v3/0c44253f-c4a3-4340-9d37-d41e42b9d14a/162b23bc-cdc3-4c0c-b578-0499ab8f9131/300x300.jpg
Nos régions de France,de654d4c-b23f-49a1-9809-235e5c2982b6,MPX_2190638,Juraflore Comté Fort Des Rousses 15 mois 200g,5.99,29.95,"['Nos régions de France', 'Bourgogne Franche Comté', 'Franche Comté']",Juraflore,True,False,false,3.0,WEEK,200g,[],https://courses.monoprix.fr/images-v3/0c44253f-c4a3-4340-9d37-d41e42b9d14a/22faa06c-3a3d-4f6e-bfc7-ab8dd4d35625/300x300.jpg
Nos régions de France,f3ccfe46-7aec-4958-96a9-b3a9eff9edc7,MPX_1246349,Loué Œuf Moyen X12,5.65,0.47,"['Nos régions de France', 'Pays de la Loire', 'Les marques de la région']",Lou{!-- --,True,False,false,1.0,WEEK,12 par pack,[],https://courses.monoprix.fr/images-v3/0c44253f-c4a3-4340-9d37-d41e42b9d14a/a99700a8-7501-4a30-8338-272b8ac7d7ed/300x300.jpg
Nos régions de France,3a5296cc-9fd2-4dcb-8f43-ae78fda4b4f9,MPX_1312359,La Goudale Bière Blonde À L'Ancienne 50Cl,1.89,3.78,"['Bière, Cave et Spiritueux', 'Bières et Cidres', 'Cave à Bières']",La goudale,True,False,false,1.0,MONTH,500ml,[],https://courses.monoprix.fr/images-v3/0c44253f-c4a3-4340-9d37-d41e42b9d14a/9312b7f2-7460-48f8-8e39-86b9ca88786d/300x300.jpg
Nos régions de France,d6c16a27-8611-4ddb-9846-09aa3cc114c6,MPX_23,Clement Faugier Crème De Marrons De L'Ardèche 500g,2.89,5.78,"['Nos régions de France', 'Auvergne Rhône Alpes', 'Dauphiné']",Clement Faugier,True,False,false,1.0,YEAR,500g,"['Produit vegan', 'Produit casher']",https://courses.monoprix.fr/images-v3/0c44253f-c4a3-4340-9d37-d41e42b9d14a/e74f0066-5aa8-466d-8884-4fbf4fb4f0fd/300x300.jpg
Nos régions de France,09fc10f2-683f-4d5f-a33a-36f9ff4be042,MPX_2005643,Demoizet Boudin Blanc De Rethel 230G,4.99,21.7,"['Nos régions de France', 'Grand Est', 'Champagne-Ardenne']",Demoizet,True,False,false,1.0,WEEK,230g,[],https://courses.monoprix.fr/images-v3/0c44253f-c4a3-4340-9d37-d41e42b9d14a/61b62c2a-a0ba-4c02-919f-4326c072356b/300x300.jpg
Nos régions de France,21936b36-2123-40d4-b0e2-6e2284cb5982,MPX_2379690,Mon Moment Choucroute 410g,6.49,15.83,"['Nos régions de France', 'Grand Est', 'Alsace']",Stoeffler,True,False,false,1.0,WEEK,0.41kg,[],https://courses.monoprix.fr/images-v3/0c44253f-c4a3-4340-9d37-d41e42b9d14a/f062dccb-391a-42af-aa8b-17b7b8f9eff0/300x300.jpg
Nos régions de France,679be4a4-3a34-42ca-a04f-e7a9ac302175,MPX_1559543,Monoprix Gourmet Cantal AOP 200g,3.49,17.45,"['Nos sélections', 'Inspiration du moment', 'Sélection Charcuterie et Fromage']",Monoprix Gourmet,True,False,false,2.0,WEEK,200g,[],https://courses.monoprix.fr/images-v3/0c44253f-c4a3-4340-9d37-d41e42b9d14a/c4012566-7a2e-41af-ad8f-adbf15aff90a/300x300.jpg
Nos régions de France,52f2d35e-f1ee-4784-a0e3-948f80d7c761,MPX_63980,Rians La Faisselle 4x100g,2.55,6.38,"['Nos régions de France', 'Centre Val de Loire', 'Fromages et faisselles']",Rians,True,False,false,1.0,WEEK,4 x 100g,[],https://courses.monoprix.fr/images-v3/0c44253f-c4a3-4340-9d37-d41e42b9d14a/5bad2777-f631-4626-b24c-f5e984dcdec5/300x300.jpg
Nos régions de France,c5c7150b-2552-49f0-91a7-c60a04b43f78,MPX_65969,Loué Poulet Fermier Jaune Label Rouge 1.4Kg,13.99,9.99,"['Boucherie et Volaille', 'Volaille', 'Poulet']",LOUE,True,False,false,2.0,DAY,1.4,[],https://courses.monoprix.fr/images-v3/0c44253f-c4a3-4340-9d37-d41e42b9d14a/a74940cb-7b59-4a11-9d46-ac4954b05220/300x300.jpg
Nos régions de France,f6f127a2-4623-431e-9b9c-eecca0f013c2,MPX_732647,Grand Fermage Beurre Cristaux Sel De Mer 125g,1.89,15.12,"['Nos régions de France', 'Pays de la Loire', 'Sel et beurre de Noirmoutier']",Grand fermage,True,False,false,3.0,WEEK,125g,[],https://courses.monoprix.fr/images-v3/0c44253f-c4a3-4340-9d37-d41e42b9d14a/1b1d10e0-334a-49d0-a68b-b7bcdcf9ab44/300x300.jpg
Nos régions de France,255332f9-d359-4653-85bd-c18d2a727f24,MPX_193964,Lou Pérac La Brique De Brebis 150g,3.59,23.93,"['Nos régions de France', 'Occitanie', 'Midi Pyrénées']",Lou Perac,True,False,false,1.0,WEEK,150g,[],https://courses.monoprix.fr/images-v3/0c44253f-c4a3-4340-9d37-d41e42b9d14a/61e3ce13-ea85-45ce-b486-36991d42ecef/300x300.jpg
Nos régions de France,bf8b99fe-f099-48e9-9a31-c8285a7b79df,MPX_894839,"Jambon De Bourgogne Jambon persillé de Bourgogne, au vin blanc aligoté 2% 100g",4.25,21.25,"['Nos régions de France', 'Bourgogne Franche Comté', 'Jambon, Boudin, Diot et Saucisse']",Jambon de Bourgogne,True,False,false,1.0,WEEK,200g,[],https://courses.monoprix.fr/images-v3/0c44253f-c4a3-4340-9d37-d41e42b9d14a/077d439f-324d-41cd-9a20-487516509877/300x300.jpg
Nos régions de France,1cf35041-3a48-4940-9cf1-c71f554f1a81,MPX_1572560,Lamblin & Fils Petit Chablis Aop Blanc 75Cl,12.9,17.2,"['Nos régions de France', 'Bourgogne Franche Comté', 'Bourgogne']",Lamblin & Fils,True,False,false,,,750ml,[],https://courses.monoprix.fr/images-v3/0c44253f-c4a3-4340-9d37-d41e42b9d14a/ccc48aee-c747-488f-814c-97144ebfed4c/300x300.jpg
Nos régions de France,282dadb5-d2cb-43a9-ac7f-7544acf162ab,MPX_900129,Monoprix Gourmet Reblochon de Savoie 250g,5.29,21.16,"['Nos sélections', 'Inspiration du moment', 'Sélection Charcuterie et Fromage']",Monoprix Gourmet,True,False,false,1.0,WEEK,250g,[],https://courses.monoprix.fr/images-v3/0c44253f-c4a3-4340-9d37-d41e42b9d14a/b53d63f0-3a87-4b18-9b0c-658a6bdf26b9/300x300.jpg
Nos régions de France,02c5a760-a93d-4c6e-a99b-735d4fc32ea3,MPX_1559545,Monoprix Gourmet Saint-Nectaire laitier 280g,4.69,16.75,"['Nos sélections', 'Inspiration du moment', 'Sélection Charcuterie et Fromage']",Monoprix Gourmet,True,False,false,6.0,DAY,280g,[],https://courses.monoprix.fr/images-v3/0c44253f-c4a3-4340-9d37-d41e42b9d14a/be6874a9-7df5-45f0-9793-6d47e6eddf6d/300x300.jpg
Nos régions de France,f16a5d92-6894-4848-94ef-a37e98914924,MPX_3032566,Chaussée Aux Moines Recette Inimitable 340g,3.75,11.03,"['Nos régions de France', 'Pays de la Loire', 'Fromage']",Chaussée aux Moines,True,False,false,2.0,WEEK,340g,[],https://courses.monoprix.fr/images-v3/0c44253f-c4a3-4340-9d37-d41e42b9d14a/762cc6c2-4d2a-49b2-9f3f-51164e3f79ac/300x300.jpg
Nos régions de France,818ecba0-b08a-46d6-b7f5-68ad6de0da38,MPX_1704549,Giraudet Quenelles fraîches nature bio 4x80g,5.99,18.72,"['Nos régions de France', 'Auvergne Rhône Alpes', 'Crozets, ravioles, quenelles et pâtes']",Giraudet,True,False,false,6.0,DAY,320g,['Produit bio'],https://courses.monoprix.fr/images-v3/0c44253f-c4a3-4340-9d37-d41e42b9d14a/3beee3dd-7748-44bf-9510-d08e1e75764d/300x300.jpg
Nos régions de France,4af04f37-671e-491d-8ca3-181425d953e1,MPX_342864,La Goudale Bière blonde à l'ancienne 75cl,2.85,3.8,"['Bière, Cave et Spiritueux', 'Bières et Cidres', 'Cave à Bières']",La goudale,True,False,false,6.0,MONTH,75cl,[],https://courses.monoprix.fr/images-v3/0c44253f-c4a3-4340-9d37-d41e42b9d14a/975f213c-dccb-45a4-9c3c-be6f01b87e42/300x300.jpg
Nos régions de France,d1bfff12-d7ee-46e3-83af-e069fc4fc964,MPX_2823146,Lu Véritable Petit Beurre Biscuits 200g,1.49,7.45,"['Nos régions de France', 'Pays de la Loire', 'Préfou, brioche et petit beurre']",LU,True,False,false,2.0,MONTH,200g,[],https://courses.monoprix.fr/images-v3/0c44253f-c4a3-4340-9d37-d41e42b9d14a/d44d0835-5ecc-4024-b70d-b1e37403ff8e/300x300.jpg
Nos régions de France,67e9460c-d3e3-4c81-91ce-804ff12816f6,MPX_4110734,Fol Epi Fromage Recette Originale x8 Tranches 150g,2.89,19.27,"['Nos régions de France', 'Pays de la Loire', 'Fromage']",Fol epi,True,False,false,1.0,WEEK,150g,[],https://courses.monoprix.fr/images-v3/0c44253f-c4a3-4340-9d37-d41e42b9d14a/5fbce2bb-27cd-46ac-82b5-35e735219865/300x300.jpg
Nos régions de France,d1c12f42-08a2-4114-9e2a-0df7670e777a,MPX_2864476,Brioche vendéenne Pur Beurre aux œufs Label Rouge 600g,4.55,7.58,"['Pain et Viennoiserie', 'Pain au lait et Brioche', 'Brioche tranchée et Brioche tressée']",-,True,False,false,6.0,DAY,600g,[],https://courses.monoprix.fr/images-v3/0c44253f-c4a3-4340-9d37-d41e42b9d14a/36388891-5dd6-49df-8e66-4a2dcf128155/300x300.jpg
Nos régions de France,5e511adb-7ce4-485e-9dd8-db9b8b2df26e,MPX_2158187,Monoprix Gourmet Saucisse de Morteau fumée et cuite 250g,8.59,34.36,"['Nos régions de France', 'Bourgogne Franche Comté', 'Franche Comté']",Monoprix Gourmet,True,False,false,2.0,WEEK,250g,[],https://courses.monoprix.fr/images-v3/0c44253f-c4a3-4340-9d37-d41e42b9d14a/9e99e6ed-cbd6-491a-8e86-5ac60f89247a/300x300.jpg
Nos régions de France,50dd11c4-c013-43b4-a94e-6604449c5b3e,MPX_159017,Stoeffler Saucisse Francfort x6 240g,3.79,15.79,"['Nos régions de France', 'Grand Est', 'Alsace']",Stoeffler,True,False,false,1.0,WEEK,240g,[],https://courses.monoprix.fr/images-v3/0c44253f-c4a3-4340-9d37-d41e42b9d14a/974e99c2-c3a1-4bab-8eb4-a96fedf9657b/300x300.jpg
Nos régions de France,bc61703d-6f35-43b0-8373-ebe296912689,MPX_4028892,Bret's Chips au Fromage du Jura 125g,2.29,18.32,"['Epicerie Salée', 'Produit apéritif', 'Chips et Biscuit Apéritif', 'Chips']",Brets,True,False,false,1.0,MONTH,125g,[],https://courses.monoprix.fr/images-v3/0c44253f-c4a3-4340-9d37-d41e42b9d14a/d22c7f48-c68b-433b-9f68-ed1d6c2cadb8/300x300.jpg
Nos régions de France,96439680-d1c1-4bd9-9899-c21c836d3a21,MPX_192405,Rians Faisselle Moulée À La Louche 6% M.G. 1kg,3.49,3.49,"['Nos régions de France', 'Centre Val de Loire', 'Fromages et faisselles']",Rians,True,False,false,1.0,WEEK,1kg,[],https://courses.monoprix.fr/images-v3/0c44253f-c4a3-4340-9d37-d41e42b9d14a/a6306a91-9038-4b1a-9c87-a12791aacaae/300x300.jpg
Nos régions de France,57a28c10-2b75-44b2-b15a-23c7e925215f,MPX_1397948,Loue filet de poulet fermier jaune 240g x2,8.29,34.54,"['Boucherie et Volaille', 'Volaille', 'Poulet']",Loué,True,False,false,4.0,DAY,240g,[],https://courses.monoprix.fr/images-v3/0c44253f-c4a3-4340-9d37-d41e42b9d14a/644e3714-3b08-49d4-9ef0-4f00400baaee/300x300.jpg
Nos régions de France,8ef60c0b-3ada-4e1e-8eb0-41e106fe9782,MPX_811173,Giraudet Pot De Sauce Nantua Aux Écrevisses Maison 250G,3.79,15.16,"['Nos régions de France', 'Auvergne Rhône Alpes', 'Crozets, ravioles, quenelles et pâtes']",Giraudet,True,False,false,1.0,WEEK,250g,[],https://courses.monoprix.fr/images-v3/0c44253f-c4a3-4340-9d37-d41e42b9d14a/39bb3e4b-4f27-478a-bb28-d474bd6db934/300x300.jpg
Nos régions de France,e5ab78bf-3939-462f-8812-0ee5f1837d83,MPX_1279097,Isigny Saint-Mère crème fraîche AOP 40cl,4.35,10.88,"['Nos régions de France', 'Normandie', 'Les marques de la région']",Isigny Sainte Mère,True,False,false,1.0,WEEK,400ml,[],https://courses.monoprix.fr/images-v3/0c44253f-c4a3-4340-9d37-d41e42b9d14a/21d2a523-08ad-4148-a504-b9e5aa6f8ece/300x300.jpg
Nos régions de France,381ff5df-06bb-4247-81b4-bddeda6fb231,MPX_5816296,Brets Chips Nature L'Originale 125G,1.79,14.32,"['Epicerie Salée', 'Produit apéritif', 'Chips et Biscuit Apéritif', 'Chips']",Brets,True,False,false,2.0,MONTH,125g,[],https://courses.monoprix.fr/images-v3/0c44253f-c4a3-4340-9d37-d41e42b9d14a/e20d86b1-85dd-4157-b428-a2527b4bd6ca/300x300.jpg
Nos régions de France,c552d23b-150a-406a-8219-8066979c2e2c,MPX_1978962,Loue aiguillettes de poulet fermier blanc 180g,6.89,38.28,"['Boucherie et Volaille', 'Volaille', 'Poulet']",LOUE,True,False,false,4.0,DAY,180g,[],https://courses.monoprix.fr/images-v3/0c44253f-c4a3-4340-9d37-d41e42b9d14a/7bab54b2-f112-4d0a-876d-765be409d5ed/300x300.jpg
Nos régions de France,317447e9-1dfb-4dd1-a6df-6d46853d7ec7,MPX_2275216,Thierry Schweitzer Saucisse Francfort 240 G,6.19,25.79,"['Nos régions de France', 'Grand Est', 'Alsace']",Thierry Schweitzer,True,False,false,1.0,WEEK,240g,[],https://courses.monoprix.fr/images-v3/0c44253f-c4a3-4340-9d37-d41e42b9d14a/8e591ef8-5dd0-4df1-8266-1f5cea1b5df9/300x300.jpg
Nos régions de France,9804601f-b6f7-4c0b-bed9-9a8c16f54ffd,MPX_4028189,Bret's Chips Saveur Sel et Vinaigre 125g,2.29,18.32,"['Epicerie Salée', 'Produit apéritif', 'Chips et Biscuit Apéritif', 'Chips']",Brets,True,False,false,2.0,MONTH,125g,['Produit végétarien'],https://courses.monoprix.fr/images-v3/0c44253f-c4a3-4340-9d37-d41e42b9d14a/0d971e21-2b8e-4539-9ace-8e3bf8c93ae0/300x300.jpg
Nos régions de France,d25474e4-8bfe-442b-a9c5-f26867f7b373,MPX_2562879,Grand Fermage beurre au sel de Noirmoutier 500g ,6.29,12.58,"['Nos régions de France', 'Pays de la Loire', 'Sel et beurre de Noirmoutier']",Grand Fermage,True,False,false,3.0,WEEK,500g,['Produit végétarien'],https://courses.monoprix.fr/images-v3/0c44253f-c4a3-4340-9d37-d41e42b9d14a/80255f9d-efe6-40bd-88c1-b589209515a9/300x300.jpg
Nos régions de France,dee94e0f-d53f-4dc5-a5b8-0edc8ad404a0,MPX_4123743,Saint Jean Ravioles à Poêler 3 Fromages Persil de la Drôme 300g,4.49,14.48,"['Nos régions de France', 'Auvergne Rhône Alpes', 'Crozets, ravioles, quenelles et pâtes']",Saint-Jean,True,False,false,1.0,WEEK,310g,[],https://courses.monoprix.fr/images-v3/0c44253f-c4a3-4340-9d37-d41e42b9d14a/65da0c0d-6341-4f9d-b143-f228f796975f/300x300.jpg
Nos régions de France,10694c57-ed34-4e87-b5bc-7d935a807850,MPX_3960043,Natoora Persil Frisé - 80gr,1.55,1.55,"['Fruits & Légumes', 'Natoora le Primeur', 'Légumes, Salades et Herbes']",Natoora,True,False,false,3.0,DAY,,[],https://courses.monoprix.fr/images-v3/0c44253f-c4a3-4340-9d37-d41e42b9d14a/8d4eecd4-31bb-40f0-99c9-77845029042b/300x300.jpg
Nos régions de France,70d616a7-68ce-432e-aa2c-11451e419912,MPX_803045,Isigny Sainte Mère Beurre Doux D'Isigny/Sainte Mère 250G,3.59,14.36,"['Nos régions de France', 'Normandie', 'Les marques de la région']",Isigny Sainte Mère,True,False,false,3.0,WEEK,250g,[],https://courses.monoprix.fr/images-v3/0c44253f-c4a3-4340-9d37-d41e42b9d14a/4adf990c-79e2-43d8-849e-0f791aed5d79/300x300.jpg
Nos régions de France,632aaa5f-d639-4451-8528-5f73dd317b2f,MPX_2547608,Isigny Sainte Mère Crème Fraîche D'isigny Aop 20cl,2.19,10.95,"['Nos régions de France', 'Normandie', 'Les marques de la région']",Isigny gamme generale,True,False,false,1.0,WEEK,200ml,[],https://courses.monoprix.fr/images-v3/0c44253f-c4a3-4340-9d37-d41e42b9d14a/a0c80f8d-6899-4f48-9634-a9aed933cd9b/300x300.jpg
Nos régions de France,aafe968c-bd2a-4039-9006-3088ff3dcce0,MPX_4122835,Saint Jean Ravioles à Poêler Tomate Mozzarella Bio 310g,4.89,15.77,"['Bio', 'Epicerie salée bio', 'Pâte bio']",Saint-Jean,True,False,false,1.0,WEEK,310g,['Produit bio'],https://courses.monoprix.fr/images-v3/0c44253f-c4a3-4340-9d37-d41e42b9d14a/a85d5c85-7685-41eb-b422-48ca3bce127e/300x300.jpg
Nos régions de France,a04926a6-8796-437e-ac5d-d9c5b0a263bc,MPX_3550975,Juraflore Comté 9 Mois Floral Et Moelleux 200g,4.99,24.95,"['Nos régions de France', 'Bourgogne Franche Comté', 'Franche Comté']",JURAFLORE FORT DES ROUSSES,True,False,false,3.0,WEEK,200g,[],https://courses.monoprix.fr/images-v3/0c44253f-c4a3-4340-9d37-d41e42b9d14a/2cf03e86-896c-49c9-b988-70e9ac98337a/300x300.jpg
Nos régions de France,49ee18c8-176e-4fb7-8877-e1a671ddccec,MPX_2454571,Monoprix Gourmet Lentilles Vertes Du Berry 500G,4.49,8.98,"['Nos régions de France', 'Centre Val de Loire', 'Lentille, moutarde et vinaigre']",Monoprix Gourmet,True,False,false,6.0,MONTH,500g,[],https://courses.monoprix.fr/images-v3/0c44253f-c4a3-4340-9d37-d41e42b9d14a/3154ce7f-c2e2-42e0-a559-6df394158802/300x300.jpg
Nos régions de France,7b11a152-fccb-4c07-84a2-ceeb76c2cd4f,MPX_2141938,Thierry Schweitzer Knacks D'Alsace 240G,5.99,24.96,"['Nos régions de France', 'Grand Est', 'Alsace']",Thierry Schweitzer,True,False,false,1.0,WEEK,240g,[],https://courses.monoprix.fr/images-v3/0c44253f-c4a3-4340-9d37-d41e42b9d14a/0ea8a72c-543a-4da4-8db2-12cddf90c5df/300x300.jpg
Nos régions de France,b0c774ed-783c-4cf0-8463-d7ee21929d11,MPX_2456338,Monoprix Gourmet Tomme de Savoie au lait cru IGP 300g,5.49,18.3,"['Nos sélections', 'Inspiration du moment', 'Sélection Charcuterie et Fromage']",Monoprix Gourmet,True,False,false,1.0,WEEK,300g,[],https://courses.monoprix.fr/images-v3/0c44253f-c4a3-4340-9d37-d41e42b9d14a/fea2bf36-2e10-433a-afc6-aaef20205c8e/300x300.jpg
Nos régions de France,2a1e43a9-0c4e-46a1-aecb-a90ba7ec0d86,MPX_4124216,Natoora Menthe Fraiche - 40gr,1.4,35.0,"['Fruits & Légumes', 'Natoora le Primeur', 'Légumes, Salades et Herbes']",Natoora,True,False,false,1.0,DAY,40g,[],https://courses.monoprix.fr/images-v3/0c44253f-c4a3-4340-9d37-d41e42b9d14a/8da12f39-211e-4247-bbb8-3b4e2e5fb12f/300x300.jpg
Nos régions de France,e808f660-7c7d-453b-aefa-7ad1e5927722,MPX_3318333,Isigny Sainte Mère Crème Fraîche D'Isigny Aop 50Cl,4.35,8.7,"['Nos régions de France', 'Normandie', 'Les marques de la région']",Isigny Sainte Mère,True,False,false,1.0,WEEK,500ml,[],https://courses.monoprix.fr/images-v3/0c44253f-c4a3-4340-9d37-d41e42b9d14a/e1718cf9-43d1-4adc-884c-ef168696b723/300x300.jpg
Nos régions de France,6a461786-d49f-4fe9-857d-110da3037ee8,MPX_3083668,Isigny Sainte Mère Beurre Bio Isigny Doux 200G,3.65,18.25,"['Nos régions de France', 'Normandie', 'Les marques de la région']",Isigny Sainte Mère,True,False,false,3.0,WEEK,200g,['Produit bio'],https://courses.monoprix.fr/images-v3/0c44253f-c4a3-4340-9d37-d41e42b9d14a/1ef5dbea-d896-4f36-918d-1d87b60a52b3/300x300.jpg
Nos régions de France,1206cd4e-8d0d-4bed-a84d-48b79bfe74f9,MPX_1252262,Savoie Yaourt Plaisir des Alpes aux Fruits Rouges 6x125g,3.69,4.92,"['Nos régions de France', 'Auvergne Rhône Alpes', 'Fromages régionaux et crèmerie']",Savoie Yaourt,True,False,false,1.0,WEEK,6 x 125g,[],https://courses.monoprix.fr/images-v3/0c44253f-c4a3-4340-9d37-d41e42b9d14a/cd2c9085-02fc-4695-a990-ebb78d8dc33e/300x300.jpg
Nos régions de France,f39c57d5-5b05-4bea-bee8-904e6486a4ed,MPX_1033080,Le Saunier de Camargue gros sel sachet poly 1kg,1.99,1.99,"['Nos régions de France', 'Occitanie', 'Languedoc Roussillon']",Le Saunier De Camargue,True,False,false,,,1kg,[],https://courses.monoprix.fr/images-v3/0c44253f-c4a3-4340-9d37-d41e42b9d14a/67266910-37cb-46ad-bcd9-7dcfe82b76c7/300x300.jpg
Nos régions de France,352c7e0a-8d0f-44eb-9e37-d6e3bb06a9f9,MPX_1236704,Monoprix Gourmet Sainte Maure de Touraine 250g,6.49,25.96,"['Nos régions de France', 'Centre Val de Loire', 'Fromages et faisselles']",Monoprix Gourmet,True,False,false,1.0,WEEK,250g,[],https://courses.monoprix.fr/images-v3/0c44253f-c4a3-4340-9d37-d41e42b9d14a/7c225639-98d0-44d4-844d-8627662896fe/300x300.jpg
Nos régions de France,9c8de83c-f554-40f8-ad08-d7af1f28e23f,MPX_180101,Giraudet Quenelles Fraîches de Brochet 4x50g,4.19,20.95,"['Nos régions de France', 'Auvergne Rhône Alpes', 'Crozets, ravioles, quenelles et pâtes']",Giraudet,True,False,false,1.0,WEEK,200g,[],https://courses.monoprix.fr/images-v3/0c44253f-c4a3-4340-9d37-d41e42b9d14a/98c0efe3-4b1d-4fe1-9079-f0916bbd49e0/300x300.jpg
Nos régions de France,b292b83c-6e92-4b0f-a5fe-130a6524230c,MPX_153071,Loué Oeufs fermiers de poules élevées en liberté x4,2.49,0.62,"['Nos régions de France', 'Pays de la Loire', 'Les marques de la région']",LOUE,True,False,false,1.0,WEEK,4 par pack,[],https://courses.monoprix.fr/images-v3/0c44253f-c4a3-4340-9d37-d41e42b9d14a/ab11aaeb-f346-4749-bbc3-81e8d5eef2af/300x300.jpg
Nos régions de France,a55ca49a-987a-4ea5-bbe8-d7cccfd00a7a,MPX_2852328,Monoprix Gourmet Fourme d'Ambert 200g,4.19,20.95,"['Nos régions de France', 'Auvergne Rhône Alpes', 'Auvergne']",Monoprix Gourmet,True,False,false,1.0,WEEK,200g,[],https://courses.monoprix.fr/images-v3/0c44253f-c4a3-4340-9d37-d41e42b9d14a/a340d44a-300e-4c50-a949-a9f30c862203/300x300.jpg
Nos régions de France,da834b67-a267-426e-b862-f5ac4d109d61,MPX_2851405,Monoprix Gourmet Abondance au lait cru 200g,5.65,28.25,"['Nos sélections', 'Inspiration du moment', 'Sélection Charcuterie et Fromage']",Monoprix Gourmet,True,False,false,2.0,WEEK,200g,[],https://courses.monoprix.fr/images-v3/0c44253f-c4a3-4340-9d37-d41e42b9d14a/a88619c3-c913-4f3b-8cc2-bb0d0b55489d/300x300.jpg
Nos régions de France,220d287b-c612-4b67-80b6-ec4a58e58765,MPX_1486865,Lamblin & Fils Chablis Aop Blanc 75Cl,14.9,19.87,"['Nos régions de France', 'Bourgogne Franche Comté', 'Bourgogne']",Lamblin & Fils,True,False,false,,,750ml,[],https://courses.monoprix.fr/images-v3/0c44253f-c4a3-4340-9d37-d41e42b9d14a/95483f85-8e11-4755-9a3f-e867a63eb45a/300x300.jpg
Nos régions de France,75c0da51-a4be-4dda-81a7-1b555b4ca934,MPX_723474,Monoprix Flammkueche 260g,2.19,8.42,"['Nos régions de France', 'Grand Est', 'Alsace']",Monoprix,True,False,false,6.0,MONTH,260g,['Produit congelé'],https://courses.monoprix.fr/images-v3/0c44253f-c4a3-4340-9d37-d41e42b9d14a/6d00c5f8-b4ef-47f2-92f2-d63602da0097/300x300.jpg
Nos régions de France,675c18e4-2966-4b72-99f7-8edb52b76be5,MPX_76122,Le Brebiou Pur Brébis Crémeux 180g,3.95,21.94,"['Bio', 'Crèmerie bio', 'Fromage bio']",Brebiou,True,False,false,1.0,WEEK,180g,[],https://courses.monoprix.fr/images-v3/0c44253f-c4a3-4340-9d37-d41e42b9d14a/296566b1-fec7-4b30-a5ec-ba78d2a38a79/300x300.jpg
Nos régions de France,1a31645c-c4d5-4e27-965d-a2551a5bf033,MPX_2470099,Grand Fermage beurre moulé au sel de Noirmoutier bio 250g,4.99,19.96,"['Bio', 'Crèmerie bio', 'Beurre bio']",Grand Fermage,True,False,false,3.0,WEEK,250g,"['Produit végétarien', 'Produit bio']",https://courses.monoprix.fr/images-v3/0c44253f-c4a3-4340-9d37-d41e42b9d14a/a33b9b8f-6e01-43ab-a229-60cdcf006ecd/300x300.jpg
Nos régions de France,f4061865-ab80-4241-9a29-57829ae507ea,MPX_1243954,Monoprix Gourmet Saint-Marcellin Igp 80G,1.89,23.63,"['Nos sélections', 'Inspiration du moment', 'Sélection Charcuterie et Fromage']",Monoprix Gourmet,True,False,false,1.0,WEEK,80g,[],https://courses.monoprix.fr/images-v3/0c44253f-c4a3-4340-9d37-d41e42b9d14a/104d4931-fbe4-4150-9924-4d95d0e2241c/300x300.jpg
Nos régions de France,ee2569d5-efdd-4343-a5dd-551f0eea902c,MPX_1107849,Monoprix Gourmet Selles Sur Cher AOP 150g,4.79,31.93,"['Nos régions de France', 'Centre Val de Loire', 'Fromages et faisselles']",Monoprix Gourmet,True,False,false,2.0,WEEK,150g,[],https://courses.monoprix.fr/images-v3/0c44253f-c4a3-4340-9d37-d41e42b9d14a/6c9d3a71-0c75-441b-9f6a-5ae9a2a164d0/300x300.jpg
Nos régions de France,1c30d112-fcb6-4858-ba79-9827106d6b5b,MPX_2910820,Monoprix Gourmet Raclette de Savoie tranchées au lait cru de vache 300g,6.75,22.5,"['Nos régions de France', 'Auvergne Rhône Alpes', 'Fromages régionaux et crèmerie']",Monoprix Gourmet,True,False,false,2.0,WEEK,300g,[],https://courses.monoprix.fr/images-v3/0c44253f-c4a3-4340-9d37-d41e42b9d14a/e2aa02bc-1492-4a4b-b00a-9d9e684543b4/300x300.jpg
Nos régions de France,84598ddc-3e10-4c16-b891-a88ffb53a1d8,MPX_3955099,Monoprix Gourmet Aligot de l'Aubrac 500g,7.49,14.98,"['Nos régions de France', 'Auvergne Rhône Alpes', 'Auvergne']",Monoprix Gourmet,True,False,false,1.0,WEEK,500g,[],https://courses.monoprix.fr/images-v3/0c44253f-c4a3-4340-9d37-d41e42b9d14a/f181c44f-ca80-4ed1-987d-78baee2c74c1/300x300.jpg
Nos régions de France,7edcc835-0f6d-458d-bf53-801933f7107e,MPX_2092883,"Crazy Tropez 75 Clvin De Pays Du Var Igp, Rosé 75Cl",5.95,7.93,"['Nos régions de France', 'Paca', 'Provence']",Sarl tropez,True,False,false,,,750ml,[],https://courses.monoprix.fr/images-v3/0c44253f-c4a3-4340-9d37-d41e42b9d14a/acf8883e-3279-487b-9f8e-29569c9db236/300x300.jpg
Nos régions de France,27cd25c4-8dbe-4de0-9d38-46819e931c7d,MPX_958906,Cave De Beblenheim Alsace Aop Riesling Blanc 75Cl,5.95,7.93,"['Nos régions de France', 'Grand Est', 'Alsace']",CAVE DE BEBLENHEIM,True,False,false,,,750ml,[],https://courses.monoprix.fr/images-v3/0c44253f-c4a3-4340-9d37-d41e42b9d14a/8cbe5788-9b16-44a4-a52e-ed1a04cf67fe/300x300.jpg
Nos régions de France,1ba1ada7-a861-4f8f-8d84-0beb39ba7c76,MPX_1820856,"Willm Crémant D'Alsace Aop, Brut 75Cl",8.9,11.87,"['Nos régions de France', 'Grand Est', 'Alsace']",Willm,True,False,false,,,750ml,[],https://courses.monoprix.fr/images-v3/0c44253f-c4a3-4340-9d37-d41e42b9d14a/5a9d74e7-7098-4b69-bb2a-cf47fa1957ec/300x300.jpg
Nos régions de France,fef8079c-156b-4f7c-b5cf-2ec915178b9e,MPX_3292128,Loué La Généreuse De Dinde Grandes Tranches De Filet x2 240G,6.14,27.89,"['Boucherie et Volaille', 'Volaille', 'Dinde']",LOUE,True,False,false,4.0,DAY,220,[],https://courses.monoprix.fr/images-v3/0c44253f-c4a3-4340-9d37-d41e42b9d14a/e43eea37-04e4-4a40-8d15-e2f32956ff90/300x300.jpg
Nos régions de France,ff682ea8-08a6-4068-add6-12f5d1c813e0,MPX_3182800,Stoeffler La Knack fait avec respect 220g,4.75,21.59,"['Nos régions de France', 'Grand Est', 'Alsace']",Stoeffler,True,False,false,1.0,WEEK,220g,[],https://courses.monoprix.fr/images-v3/0c44253f-c4a3-4340-9d37-d41e42b9d14a/723d5e7b-9fa6-4a37-abcc-9af8a98ec54f/300x300.jpg
Nos régions de France,cc1498d2-696c-4518-a42b-b2924b604740,MPX_2218536,Frais Devant! Rosette de Lyon 100g,4.69,46.9,"['Nos régions de France', 'Auvergne Rhône Alpes', 'Jambon, saucisson et charcuterie']",FRAIS DEVANT,True,False,false,2.0,WEEK,100g,[],https://courses.monoprix.fr/images-v3/0c44253f-c4a3-4340-9d37-d41e42b9d14a/37e04ce0-3e86-4d23-9f94-ef2a1664f06a/300x300.jpg
Nos régions de France,ea26788c-ed93-41da-8f9f-b04aeaea6194,MPX_4055287,Natoora Blette - Nouvelle - CAT:I - 1 pied,3.15,3.15,"['Fruits & Légumes', 'Natoora le Primeur', 'Légumes, Salades et Herbes']",Natoora,True,False,false,3.0,DAY,,[],https://courses.monoprix.fr/images-v3/0c44253f-c4a3-4340-9d37-d41e42b9d14a/ef15e985-04b0-49a2-853a-550dda6957f8/300x300.jpg
Nos régions de France,55afd4b6-46e2-4f2b-b4af-814fbca038a5,MPX_1935787,Monoprix Gourmet Fontainebleau nature à la crème et au fromage frais 2x80G,2.39,14.94,"['Nos régions de France', 'Ile de France', 'Brie de Meaux, Fontainebleau et autres']",Monoprix Gourmet,True,False,false,1.0,WEEK,2 x 80g,[],https://courses.monoprix.fr/images-v3/0c44253f-c4a3-4340-9d37-d41e42b9d14a/2a3b2b1a-905c-425b-b436-c0ef356641f7/300x300.jpg
Nos régions de France,15cd92ca-0c4b-40bc-86ce-1e7d8ac11fa1,MPX_181798,Pochat & Fils Reblochon De Savoie Aop 450G,8.49,18.87,"['Nos régions de France', 'Auvergne Rhône Alpes', 'Fromages régionaux et crèmerie']",Pochat & Fils,True,False,false,2.0,WEEK,450g,[],https://courses.monoprix.fr/images-v3/0c44253f-c4a3-4340-9d37-d41e42b9d14a/1d92cb88-f0ea-4c8d-a9aa-79f56c375381/300x300.jpg
Nos régions de France,5d1a377f-b3d5-412a-b82e-1459b0bdbf66,MPX_797399,Monoprix Cidre de Normandie brut bouché 75cl,2.19,2.92,"['Nos régions de France', 'Normandie', 'Calva, cidre et vinaigre']",Monoprix,True,False,false,,,750ml,[],https://courses.monoprix.fr/images-v3/0c44253f-c4a3-4340-9d37-d41e42b9d14a/af815a75-85ba-4911-a772-bd0035e92118/300x300.jpg
Nos régions de France,ddb774f4-6acb-4411-8148-159858f07e2c,MPX_1176155,Monoprix Jambon Cru Fumé De La Forêt Noire 100G,3.49,34.9,"['Nos régions de France', 'Grand Est', 'Alsace']",Monoprix,True,False,false,2.0,WEEK,100g,[],https://courses.monoprix.fr/images-v3/0c44253f-c4a3-4340-9d37-d41e42b9d14a/27e893fd-da73-47b6-be53-e27ecf5fc9b8/300x300.jpg
Nos régions de France,99807837-1b61-4964-92b4-0e4db20b575b,MPX_4230800,Monoprix Gourmet Chaource AOP 250gr,4.99,19.96,"['Nos sélections', 'Inspiration du moment', 'Sélection Charcuterie et Fromage']",Monoprix Gourmet,True,False,false,2.0,WEEK,250g,[],https://courses.monoprix.fr/images-v3/0c44253f-c4a3-4340-9d37-d41e42b9d14a/d9f659cd-fccf-4566-96ef-3020162973ca/300x300.jpg
Nos régions de France,961b7a2f-df7a-4c0e-ad2f-2083b20703f6,MPX_888673,La Belle Chaurienne Cassoulet au canard 420g,4.39,10.45,"['Epicerie Salée', 'Conserve', 'Plat cuisiné en conserve']",La belle chaurienne,True,False,false,1.0,YEAR,420g,[],https://courses.monoprix.fr/images-v3/0c44253f-c4a3-4340-9d37-d41e42b9d14a/19c66d7d-084e-4b16-8b87-cfb1db6577ec/300x300.jpg
Nos régions de France,8758dae0-89a0-4520-b404-ea1b880c21a3,MPX_2351514,Les Chantebines Pouilly Fumé Aop Blanc 75Cl,15.99,21.32,"['Nos régions de France', 'Centre Val de Loire', 'Vins']",Les Chantebines,True,False,false,,,750ml,[],https://courses.monoprix.fr/images-v3/0c44253f-c4a3-4340-9d37-d41e42b9d14a/0d0827b4-4dc6-4d46-b3ac-09e70f151fd2/300x300.jpg
Nos régions de France,0bc1fe29-1955-4d54-ac40-226f0798f264,MPX_1704127,Monoprix Gourmet valençay fromage de chèvre 110g,4.55,41.36,"['Nos régions de France', 'Centre Val de Loire', 'Fromages et faisselles']",Monoprix Gourmet,True,False,false,2.0,WEEK,110g,[],https://courses.monoprix.fr/images-v3/0c44253f-c4a3-4340-9d37-d41e42b9d14a/2acaf0fb-0fff-4dca-9ce4-467d91fcf883/300x300.jpg
Nos régions de France,062088ef-433b-4036-8d4d-3ad7ed0ac083,MPX_2277855,Isigny Sainte Mère Fromage Frais Onctueux 500g,2.99,5.98,"['Nos régions de France', 'Normandie', 'Les marques de la région']",Isigny Sainte Mère,True,False,false,1.0,WEEK,500g,[],https://courses.monoprix.fr/images-v3/0c44253f-c4a3-4340-9d37-d41e42b9d14a/b3525a14-1adf-4377-9d3f-93b7db8e43cd/300x300.jpg
Nos régions de France,b7cc8e19-a5dd-4d9e-b9cd-d1799ed6102b,MPX_1467706,Loué Filet Mignon De Dinde,9.35,32.79,"['Boucherie et Volaille', 'Volaille', 'Dinde']",LOUE,True,False,false,3.0,DAY,285,[],https://courses.monoprix.fr/images-v3/0c44253f-c4a3-4340-9d37-d41e42b9d14a/9767eb32-ee49-453a-ace6-d18cb6f63a01/300x300.jpg
Nos régions de France,fe7a80cd-408c-45b3-b02a-1fa38d0edcbf,MPX_1252263,Savoie Yaourt Plaisir des alpes aux fruits jaunes 6x125g,3.69,4.92,"['Nos régions de France', 'Auvergne Rhône Alpes', 'Fromages régionaux et crèmerie']",Savoie Yaourt,True,False,false,1.0,WEEK,6 x 125g,[],https://courses.monoprix.fr/images-v3/0c44253f-c4a3-4340-9d37-d41e42b9d14a/b8a62485-2385-4975-8af7-d34b588f8be6/300x300.jpg
Nos régions de France,2d238e7e-9267-4ac7-bff6-f9436c24fbe8,MPX_2064028,"Monoprix Gourmet Véritable andouillette de Troyes, dressée à la main 170g",5.89,34.65,"['Nos sélections', 'Inspiration du moment', 'Sélection Charcuterie et Fromage']",Monoprix Gourmet,True,False,false,1.0,WEEK,170g,[],https://courses.monoprix.fr/images-v3/0c44253f-c4a3-4340-9d37-d41e42b9d14a/d398a095-e30d-4067-b814-398376824b46/300x300.jpg
Nos régions de France,7dc0c75b-ec60-4ac3-8340-d51765e19096,MPX_163118,"Barré Frères Muscadet De Sèvre-Et-Maine Sur Lie Aop, Blanc 75Cl",5.9,7.87,"['Nos régions de France', 'Pays de la Loire', 'Vin, liqueur et soupe angevine']",Barré Frères,True,False,false,,,750ml,[],https://courses.monoprix.fr/images-v3/0c44253f-c4a3-4340-9d37-d41e42b9d14a/072c85af-2df5-4145-a3e0-5f523db97f9b/300x300.jpg
Nos régions de France,c477afbd-b683-42a7-9eec-30b887303a62,MPX_3071470,Etorki Tranches Pur Brebis 120g,3.79,31.58,"['Nos régions de France', 'Nouvelle-Aquitaine', 'Pays-Basque']",Etorki,True,False,false,1.0,WEEK,120g,[],https://courses.monoprix.fr/images-v3/0c44253f-c4a3-4340-9d37-d41e42b9d14a/790d51fd-50e8-4f88-8aef-5d272de4169e/300x300.jpg
Nos régions de France,6641aa49-0370-4463-be17-155362b32133,MPX_1933530,Monoprix Gourmet Fromage Saint Marcellin 160g,3.99,24.94,"['Nos régions de France', 'Auvergne Rhône Alpes', 'Dauphiné']",Monoprix Gourmet,True,False,false,1.0,WEEK,160g,[],https://courses.monoprix.fr/images-v3/0c44253f-c4a3-4340-9d37-d41e42b9d14a/e6cc6955-c6fd-4cc3-b800-59920c056e8e/300x300.jpg
Nos régions de France,3b1f56a3-c2b9-4bd8-921d-35f0d8c524a3,MPX_955520,Maison Prunier Rillettes Du Mans De Porc Fermier Français Label Rouge 220G,4.49,20.41,"['Nos régions de France', 'Pays de la Loire', 'Volaille, rillettes et œufs']",Maison Prunier,True,False,false,1.0,WEEK,220g,[],https://courses.monoprix.fr/images-v3/0c44253f-c4a3-4340-9d37-d41e42b9d14a/893c519d-fca3-45ba-8482-71ef8f52a8e6/300x300.jpg
Nos régions de France,b5369ff8-ff5a-45e9-929f-5286145e3786,MPX_1640118,"Roc de Candelon AOP Coteaux d'Aix-en-Provence, Rosé, Vin Bio, 75cl",5.9,7.87,"['Bio', 'Boisson et Cave bio', 'Cave bio']",LES VINS BREBAN,True,False,false,,,750ml,['Produit bio'],https://courses.monoprix.fr/images-v3/0c44253f-c4a3-4340-9d37-d41e42b9d14a/7bda041e-65af-4396-bc2a-d75fc9d3d26d/300x300.jpg
Nos régions de France,5eeba08a-556b-43cd-825d-80b7270f2978,MPX_1834793,Domaine Pellé Menetou Salon AOP Blanc 75cl,12.0,16.0,"['Nos régions de France', 'Centre Val de Loire', 'Vins']",Domaine Pelle,True,False,false,,,750ml,[],https://courses.monoprix.fr/images-v3/0c44253f-c4a3-4340-9d37-d41e42b9d14a/c7d98540-0e0a-4c79-8038-f7072ad67628/300x300.jpg
Nos régions de France,f442c8f4-d1f6-4c8a-87f5-2dd1ccb1115f,MPX_2187067,"Bailly Lapierre Crémant De Bourgogne Aop, Brut Bio 75Cl",10.9,14.53,"['Bio', 'Boisson et Cave bio', 'Cave bio']",Bailly Lapierre,True,False,false,,,750ml,['Produit bio'],https://courses.monoprix.fr/images-v3/0c44253f-c4a3-4340-9d37-d41e42b9d14a/11b71b1e-740d-445d-868f-e53e454cf435/300x300.jpg
Nos régions de France,5f7a2534-be84-468a-84b0-efdfa606db33,MPX_1467560,Loué Escalope De Dinde X2 250G,6.35,25.39,"['Boucherie et Volaille', 'Volaille', 'Dinde']",LOUE,True,False,false,4.0,DAY,250,[],https://courses.monoprix.fr/images-v3/0c44253f-c4a3-4340-9d37-d41e42b9d14a/a2dac653-a0d7-438a-b3b0-e8523bdd8f24/300x300.jpg
Nos régions de France,938ca2f3-b569-4602-b0f8-f083e09f7ef4,MPX_1978952,Aiguillettes De Poulet Jaune X6 180G,6.89,38.28,"['Boucherie et Volaille', 'Volaille', 'Poulet']",FERMIERS DE LOUE,True,False,false,4.0,DAY,180g,[],https://courses.monoprix.fr/images-v3/0c44253f-c4a3-4340-9d37-d41e42b9d14a/33719ac7-3ad9-49ce-9194-9e8baeee95ba/300x300.jpg
Nos régions de France,11e86ad0-a01b-4434-a3c1-4eed3c822822,MPX_2864493,Brioche Vendéenne Tressée Label Rouge 300g,3.4,11.33,"['Pain et Viennoiserie', 'Pain au lait et Brioche', 'Brioche tranchée et Brioche tressée']",-,True,False,false,6.0,DAY,300g,[],https://courses.monoprix.fr/images-v3/0c44253f-c4a3-4340-9d37-d41e42b9d14a/029d58b6-6bae-4d99-925c-ee58a1deecbd/300x300.jpg
Nos régions de France,0e4a1acb-f6b2-409b-b547-bb880ffa1107,MPX_797446,Monoprix Cidre de Normandie doux bouché 75cl,2.35,3.13,"['Nos régions de France', 'Normandie', 'Calva, cidre et vinaigre']",Monoprix,True,False,false,,,750ml,[],https://courses.monoprix.fr/images-v3/0c44253f-c4a3-4340-9d37-d41e42b9d14a/0a5b42e3-3906-4c52-9afe-872a0997b86d/300x300.jpg
Nos régions de France,e70bf96b-ce6a-4d0b-8f80-5b642f08faa8,MPX_164292,Leroux Chicorée Soluble Nature Légèrement Caramélisé 100G,2.99,29.9,"['Epicerie Sucrée', 'Café, Thé et Boisson chaude', 'Café', 'Soluble, Chicorée']",Leroux,True,False,false,6.0,MONTH,100g,[],https://courses.monoprix.fr/images-v3/0c44253f-c4a3-4340-9d37-d41e42b9d14a/c6aaae7c-f182-474b-b91d-4981cf87da77/300x300.jpg
Nos régions de France,daa50a02-2d3a-449d-9aee-4b3bef171d86,MPX_3987636,"Pack Bulbes Condiments : Ail, Oignons et Echalotes - 1 Lot",2.79,2.79,"['Fruits & Légumes', 'Légumes Frais', 'Ail, Oignons et Echalotes', 'Ail']",Natoora,True,False,false,1.0,WEEK,,[],https://courses.monoprix.fr/images-v3/0c44253f-c4a3-4340-9d37-d41e42b9d14a/c8877f6e-934c-4ed2-98c0-445c88915134/300x300.jpg
Nos régions de France,b48d3b15-f6b0-4db1-8198-6cff1cb07359,MPX_2547765,Etorki Fromage Basque Pur Brebis 180g,4.75,26.39,"['Nos régions de France', 'Nouvelle-Aquitaine', 'Pays-Basque']",Etorki,True,False,false,2.0,WEEK,180g,[],https://courses.monoprix.fr/images-v3/0c44253f-c4a3-4340-9d37-d41e42b9d14a/456fc23b-431f-4ac0-9d77-1be4b3f04245/300x300.jpg
Nos régions de France,43bf4e3c-af49-4621-8815-c69ab0c7e0d8,MPX_1559537,Monoprix Gourmet Beaufort été AOP 200g,6.99,34.95,"['Nos sélections', 'Inspiration du moment', 'Sélection Charcuterie et Fromage']",Monoprix Gourmet,True,False,false,2.0,WEEK,200g,[],https://courses.monoprix.fr/images-v3/0c44253f-c4a3-4340-9d37-d41e42b9d14a/05e71009-06e3-48ad-add6-18f73b97f6ba/300x300.jpg
Nos régions de France,a2ac054b-1224-4b6b-9a63-80877835b04b,MPX_3032594,Monoprix Gourmet Abricots Rouges Du Roussillon 65% de Fruits 325g,3.85,11.85,"['Nos régions de France', 'Occitanie', 'Languedoc Roussillon']",Monoprix Gourmet,True,False,false,1.0,YEAR,325g,[],https://courses.monoprix.fr/images-v3/0c44253f-c4a3-4340-9d37-d41e42b9d14a/cb252fbc-1165-466c-842b-678bf4d03555/300x300.jpg
Nos régions de France,c0b19052-f482-4cde-ae51-0bd4434b46d0,MPX_3393583,Les Ursulines Chardonnay Blanc 75cl,12.9,17.2,"['Nos régions de France', 'Bourgogne Franche Comté', 'Bourgogne']",Les Ursulines,True,False,false,,,750ml,[],https://courses.monoprix.fr/images-v3/0c44253f-c4a3-4340-9d37-d41e42b9d14a/b4913b6e-6fd0-4f9c-92e1-db4943bcbb1a/300x300.jpg
Nos régions de France,b84ca174-cff6-4b93-8dfe-d160a6942242,MPX_4028526,Bret's Chips Saveur Poulet braisé 125g,1.69,13.52,"['Epicerie Salée', 'Produit apéritif', 'Chips et Biscuit Apéritif', 'Chips']",Brets,True,False,false,2.0,MONTH,125g,[],https://courses.monoprix.fr/images-v3/0c44253f-c4a3-4340-9d37-d41e42b9d14a/f2cc1396-b243-4a53-ba50-326bdaf05670/300x300.jpg
Nos régions de France,06ad53b4-94dd-4d1d-b10c-0c0560951f01,MPX_4043852,Alpina Savoie Avoines 500g,1.99,3.98,"['Nos régions de France', 'Auvergne Rhône Alpes', 'Crozets, ravioles, quenelles et pâtes']",Alpina Savoie,True,False,false,1.0,YEAR,500g,[],https://courses.monoprix.fr/images-v3/0c44253f-c4a3-4340-9d37-d41e42b9d14a/67696999-6bde-40e4-bd53-91294e4cf5be/300x300.jpg
Nos régions de France,cd3806ad-2e7d-43b0-8121-4c8c54c0352d,MPX_2216696,La Belle Etoile Cancoillote nature 250G,3.29,13.16,"['Nos régions de France', 'Bourgogne Franche Comté', 'Franche Comté']",LA BELLE ETOILE,True,False,false,2.0,WEEK,250g,[],https://courses.monoprix.fr/images-v3/0c44253f-c4a3-4340-9d37-d41e42b9d14a/41d0cc90-b764-4d08-91d2-ab1082bd0d56/300x300.jpg
Nos régions de France,45ee6344-9204-42e2-9463-5b3ee9474a84,MPX_3058778,Les Niçois Mini-focaccias au romarin de Tata Rita 200g,4.19,20.95,"['Epicerie Salée', 'Produit apéritif', 'Chips et Biscuit Apéritif', 'Crackers et Bretzel']",Les nicois,True,False,false,6.0,MONTH,200g,[],https://courses.monoprix.fr/images-v3/0c44253f-c4a3-4340-9d37-d41e42b9d14a/68adb170-ef0d-4295-9f45-4894a54c2907/300x300.jpg
Nos régions de France,17603976-a2c0-47c5-8d20-456b5d4f6b4f,MPX_2962403,Monoprix Gourmet Morbier AOP lait cru de vache 200g,4.49,20.9,"['Nos régions de France', 'Bourgogne Franche Comté', 'Franche Comté']",Monoprix Gourmet,True,False,false,5.0,DAY,215,[],https://courses.monoprix.fr/images-v3/0c44253f-c4a3-4340-9d37-d41e42b9d14a/d9781045-80f2-460d-8203-14d7fc9bae90/300x300.jpg
Nos régions de France,362b042b-91f4-4eb0-a27a-0a7b56483e0b,MPX_3291878,"Leroux Chicorée Soluble Nature, Bio 100G",4.29,42.9,"['Bio', 'Boisson et Cave bio', 'Café bio']",Leroux,True,False,false,6.0,MONTH,100g,['Produit bio'],https://courses.monoprix.fr/images-v3/0c44253f-c4a3-4340-9d37-d41e42b9d14a/006c60d6-fb05-4830-9062-5b159a336487/300x300.jpg
Nos régions de France,a498414b-dc2d-47ea-ac23-f945736ae8b7,MPX_4869438,Bret's Chips saveur Pesto Mozarella 125g,2.29,18.32,"['Epicerie Salée', 'Produit apéritif', 'Chips et Biscuit Apéritif', 'Chips']",Brets,True,False,false,2.0,MONTH,125g,[],https://courses.monoprix.fr/images-v3/0c44253f-c4a3-4340-9d37-d41e42b9d14a/4ebab935-dbab-48ac-b7b8-0af0a67693e5/300x300.jpg
Nos régions de France,19ed7657-382e-4b19-8e61-0e55780e245c,MPX_1624659,Willm Gewurztraminer AOP Alsace Blanc 75cl,9.9,13.2,"['Nos régions de France', 'Grand Est', 'Alsace']",Willm,True,False,false,,,750ml,[],https://courses.monoprix.fr/images-v3/0c44253f-c4a3-4340-9d37-d41e42b9d14a/ae2c1933-8baf-4db1-935b-51761f2af549/300x300.jpg
Nos régions de France,4b584f5b-a9ef-443e-94b8-571d84002648,MPX_2862763,Jeanlain Bière ambrée 50cl,2.19,4.38,"['Bière, Cave et Spiritueux', 'Bières et Cidres', 'Cave à Bières']",Jenlain,True,False,false,1.0,MONTH,50cl,[],https://courses.monoprix.fr/images-v3/0c44253f-c4a3-4340-9d37-d41e42b9d14a/07d6e961-c083-41a3-b97f-8d1ac62ee569/300x300.jpg
Nos régions de France,a5baf731-0196-48f4-b749-380ce8429239,MPX_171795,3 Monts Bière Blonde de Flandre 75cl,3.35,4.47,"['Bière, Cave et Spiritueux', 'Bières et Cidres', 'Cave à Bières']",3 monts,True,False,false,1.0,MONTH,75cl,[],https://courses.monoprix.fr/images-v3/0c44253f-c4a3-4340-9d37-d41e42b9d14a/31335ed7-ff90-47ff-8f48-cc0a254eb7e3/300x300.jpg
Nos régions de France,dd204d0b-e126-4488-ae0c-a019cb213459,MPX_2107714,Clos De Nouys Vouvray Aop Blanc Sec 75Cl,8.95,11.93,"['Nos régions de France', 'Centre Val de Loire', 'Vins']",CLOS DE NOUYS,True,False,false,,,750ml,[],https://courses.monoprix.fr/images-v3/0c44253f-c4a3-4340-9d37-d41e42b9d14a/4ed478e6-1f57-478e-8c81-c522f8cb7d37/300x300.jpg
Nos régions de France,847c1a33-3b40-445a-9cb4-e51227804a3a,MPX_3778818,Ravioles du dauphiné lr barquette 240g saint jean lot de 2,7.09,14.77,"['Nos régions de France', 'Auvergne Rhône Alpes', 'Crozets, ravioles, quenelles et pâtes']",Saint-Jean,True,False,false,1.0,WEEK,480g,[],https://courses.monoprix.fr/images-v3/0c44253f-c4a3-4340-9d37-d41e42b9d14a/49ad8378-19b1-4089-9176-3ba3d19ae8e9/300x300.jpg
Nos régions de France,549f9191-2fa9-479c-a11c-d7b19ad7885d,MPX_1558290,Monoprix Gourmet Emmental de Savoie 300g,5.0,20.0,"['Nos régions de France', 'Auvergne Rhône Alpes', 'Fromages régionaux et crèmerie']",Monoprix Gourmet,True,False,false,1.0,WEEK,250,[],https://courses.monoprix.fr/images-v3/0c44253f-c4a3-4340-9d37-d41e42b9d14a/913fee58-f457-4454-9c12-0f20de0362bd/300x300.jpg
Nos régions de France,c258afc6-74bc-4785-9786-e17219865e6e,MPX_3430309,Lincet Brillat-Savarin Fromage Affiné Igp 200G,4.9,24.5,"['Nos régions de France', 'Bourgogne Franche Comté', 'Bourgogne']",Lincet,True,False,false,1.0,WEEK,200g,[],https://courses.monoprix.fr/images-v3/0c44253f-c4a3-4340-9d37-d41e42b9d14a/62f2dfb2-eee5-489c-9669-29c4cbcbf270/300x300.jpg
Nos régions de France,740447cc-7249-4638-b066-a247c24d92bb,MPX_2986498,Mont D'Or Aop Ecureuil Mini 450G,9.5,19.0,"['Noël', 'Promos de Noël', ""Promos repas festif,\xa0jusqu'à 50% sur le 2ème sur une sélection festive""]",JURAFLORE FORT DES ROUSSES,True,False,false,2.0,WEEK,500g,[],https://courses.monoprix.fr/images-v3/0c44253f-c4a3-4340-9d37-d41e42b9d14a/7dd60367-2259-4a93-9ca1-203828a6a982/300x300.jpg
Nos régions de France,7d739875-b990-493f-8318-d5d04ba0f764,MPX_170824,Monoprix Gourmet Petit Pont l'Evêque AOC 220g,4.49,20.41,"['Nos régions de France', 'Normandie', 'Crème, fromage et beurre']",Monoprix Gourmet,True,False,false,1.0,WEEK,220g,[],https://courses.monoprix.fr/images-v3/0c44253f-c4a3-4340-9d37-d41e42b9d14a/4b415265-0e9a-4890-9b2e-8657bbc8179a/300x300.jpg
Nos régions de France,5a24a579-b3ce-41de-98a1-0a0e211a66fa,MPX_568213,Isigny Ste Mère Crème fraîche d'Isigny AOP 20cl,2.45,12.25,"['Nos régions de France', 'Normandie', 'Les marques de la région']",Isigny Sainte Mère,True,False,false,1.0,WEEK,200ml,[],https://courses.monoprix.fr/images-v3/0c44253f-c4a3-4340-9d37-d41e42b9d14a/999306da-4872-449e-9477-5d589738162a/300x300.jpg
Nos régions de France,5a2a1ba8-7099-40b7-8ca7-c68dc6266543,MPX_1397950,Loué Cuisse de Poulet Fermier Blanc 480g,6.69,13.94,"['Boucherie et Volaille', 'Volaille', 'Poulet']",LOUE,True,False,false,4.0,DAY,480g,[],https://courses.monoprix.fr/images-v3/0c44253f-c4a3-4340-9d37-d41e42b9d14a/d288397f-08a2-41e4-ae7e-756df6c66f6b/300x300.jpg
Nos régions de France,58444eca-cc07-4c59-9b7b-878e22b2481b,MPX_800648,Monoprix Gourmet Crottin De Chavignol Aop 60G,3.39,56.5,"['Nos régions de France', 'Centre Val de Loire', 'Fromages et faisselles']",Monoprix Gourmet,True,False,false,2.0,WEEK,60g,[],https://courses.monoprix.fr/images-v3/0c44253f-c4a3-4340-9d37-d41e42b9d14a/442817cc-6ce4-40c6-bb48-d8c687bb3147/300x300.jpg
Nos régions de France,7feb5e1b-e581-4906-9e92-ef54a8b49e12,MPX_3706498,Clement Faugier Crème De Marrons De L'Ardèche - Tube 78G,1.49,19.1,"['Nos régions de France', 'Auvergne Rhône Alpes', 'Dauphiné']",Clement Faugier,True,False,false,1.0,YEAR,78g,"['Produit végétarien', 'Produit vegan', 'Produit casher']",https://courses.monoprix.fr/images-v3/0c44253f-c4a3-4340-9d37-d41e42b9d14a/893b6298-941a-4b28-ac51-8350ce7cdfc5/300x300.jpg
Nos régions de France,0d1c50a7-816a-470b-97d5-53056a737577,MPX_3176406,Domaine Roux Aop Quincy. Blanc 75cl,12.9,17.2,"['Nos régions de France', 'Centre Val de Loire', 'Vins']",Domaine Roux,True,False,false,,,750ml,[],https://courses.monoprix.fr/images-v3/0c44253f-c4a3-4340-9d37-d41e42b9d14a/eb6fde0a-570c-4311-8b04-9c340e84f5f7/300x300.jpg
Nos régions de France,397b7f8a-a710-42ca-a618-ac9eec1655aa,MPX_2726593,Monoprix Gourmet Dessert Fontainebleau Lit de Fruits Rouges 2x90g,2.59,14.39,"['Nos régions de France', 'Ile de France', 'Brie de Meaux, Fontainebleau et autres']",Monoprix Gourmet,True,False,false,1.0,WEEK,2 x 90g,[],https://courses.monoprix.fr/images-v3/0c44253f-c4a3-4340-9d37-d41e42b9d14a/d26570a4-8e6c-4ffd-b43d-ddfde411a5fc/300x300.jpg
Nos régions de France,b1e9ae7e-0fa1-4cce-952e-e1a48c0794ac,MPX_897119,Rians la Faisselle moulée 0% de matière grasse 1kg,3.85,3.85,"['Nos régions de France', 'Centre Val de Loire', 'Fromages et faisselles']",Rians,True,False,false,1.0,WEEK,1kg,[],https://courses.monoprix.fr/images-v3/0c44253f-c4a3-4340-9d37-d41e42b9d14a/07fbbc53-f860-4afc-9148-958f8b8baaa7/300x300.jpg
Nos régions de France,49a5b0d6-2c54-4dfd-af9b-f58f890483c6,MPX_3071135,Dopff & Irion Vin Pinot Noir Comtes d'Isenbourg Tradition 75cl,8.9,11.87,"['Nos régions de France', 'Grand Est', 'Alsace']",Dopff & Irion,True,False,false,,,75cl,[],https://courses.monoprix.fr/images-v3/0c44253f-c4a3-4340-9d37-d41e42b9d14a/d1af815a-3c87-43a9-b03c-f0013c924f12/300x300.jpg
Nos régions de France,275ceaa0-bbf4-4a6d-bc1e-42a5339821ac,MPX_2046295,[Par Naturalia] Jade Bière blonde bio 6 x 25cl,7.69,5.13,"['Bio', 'Boisson et Cave bio', 'Cave bio']",Jade,True,False,false,1.0,MONTH,6 x 25cl,['Produit bio'],https://courses.monoprix.fr/images-v3/0c44253f-c4a3-4340-9d37-d41e42b9d14a/0a32624a-a7e8-4058-932a-e65be26427b3/300x300.jpg
Nos régions de France,b1aaeb90-dd86-4564-a47f-4f1b330250a0,MPX_2425454,Charcuteries Du Quercy Saucisse De Toulouse Artisanale 350G,4.39,12.54,"['Nos sélections', 'Inspiration du moment', '& Barbecue', 'Boucherie et Volaille']",Charcuterie du Quercy,True,False,false,3.0,DAY,350g,[],https://courses.monoprix.fr/images-v3/0c44253f-c4a3-4340-9d37-d41e42b9d14a/e8e610d8-580b-4fa0-adc2-a0286cda0e54/300x300.jpg
Nos régions de France,8dd3ed86-4d1d-4335-a458-8ac7cfaa8c1c,MPX_4028198,Lou Pérac Fromage de brebis en Tranches 6 x 20g,3.49,29.08,"['Nos régions de France', 'Occitanie', 'Midi Pyrénées']",Lou Perac,True,False,false,2.0,WEEK,120g,[],https://courses.monoprix.fr/images-v3/0c44253f-c4a3-4340-9d37-d41e42b9d14a/ceb415e1-bf79-4631-8e44-dc1027e989d9/300x300.jpg
Nos régions de France,28299c54-435e-4524-a92d-f7bc9a359254,MPX_2186999,Monoprix Moules à la marinière 400g,4.19,10.48,"['Nos régions de France', 'Hauts de France', 'Nord-Pas-De-Calais']",Monoprix,True,False,false,6.0,MONTH,400g,['Produit congelé'],https://courses.monoprix.fr/images-v3/0c44253f-c4a3-4340-9d37-d41e42b9d14a/be02d946-883c-40ee-8362-a0ba94fbedb0/300x300.jpg
Nos régions de France,4160691b-fab5-4c5d-b81f-02f9ef4b6b83,MPX_798191,Rians Crottin De Chavignol Au Lait Cru Aoc 120g,5.99,49.92,"['Nos régions de France', 'Centre Val de Loire', 'Fromages et faisselles']",Rians,True,False,false,2.0,WEEK,120g,[],https://courses.monoprix.fr/images-v3/0c44253f-c4a3-4340-9d37-d41e42b9d14a/336ec148-5919-4446-9590-62f53ec00cd5/300x300.jpg
Nos régions de France,8f0a7791-dc8e-4f06-a5b4-bdf086360be7,MPX_2456351,Poilane Biscuits Sablés Punitions Sachet 200g,6.85,34.25,"['Nos régions de France', 'Ile de France', 'Les marques de la région']",POILÂNE,True,False,false,1.0,WEEK,200g,[],https://courses.monoprix.fr/images-v3/0c44253f-c4a3-4340-9d37-d41e42b9d14a/fa017441-effb-48b8-9650-ac94be8c165a/300x300.jpg
Nos régions de France,6f020d5d-ba18-442b-99e7-e5c8aad9a14a,MPX_3165435,"Le Trésor Des Dieux Sardines À L'Huile D'Olive Bio 80,5G",2.75,34.38,"['Bio', 'Epicerie salée bio', 'Conserve bio']",LE TRESOR DES DIEUX,True,False,false,1.0,YEAR,80g,['Produit bio'],https://courses.monoprix.fr/images-v3/0c44253f-c4a3-4340-9d37-d41e42b9d14a/2c6e87da-6aa0-42a9-9f07-4570918c7d16/300x300.jpg
Nos régions de France,022187fb-8065-46dc-a69f-9e46f918310f,MPX_2094883,"La Réserve Spéciale Saint-Pourcain Aop, Rouge 75Cl",4.99,6.65,"['Nos régions de France', 'Centre Val de Loire', 'Vins']",La réserve Spéciale,True,False,false,,,750ml,[],https://courses.monoprix.fr/images-v3/0c44253f-c4a3-4340-9d37-d41e42b9d14a/0357aabe-81d1-462e-bee2-a7685c57560f/300x300.jpg
Nos régions de France,a65e5cfa-3810-499f-8e82-02b184539c98,MPX_3317308,Chaussée aux moines tranches moelleuses x8 tranches 150g,2.89,19.27,"['Nos régions de France', 'Pays de la Loire', 'Fromage']",Chaussée aux Moines,True,False,false,2.0,WEEK,150g,['Produit végétarien'],https://courses.monoprix.fr/images-v3/0c44253f-c4a3-4340-9d37-d41e42b9d14a/b1676bfa-7758-4511-a942-3be058d0a362/300x300.jpg
Nos régions de France,3f612859-5881-4c32-8623-292030f73503,MPX_2352084,Thym Séché Bio 400g,1.99,4.98,"['Bio', 'Fruit et Légume bio', 'Légume frais bio']",Monoprix,True,False,false,1.0,MONTH,400g,['Produit bio'],https://courses.monoprix.fr/images-v3/0c44253f-c4a3-4340-9d37-d41e42b9d14a/fc4351cc-8b21-47a0-a0b1-78408e6a9b95/300x300.jpg
Nos régions de France,063f1f1d-d447-42b0-a7b4-2e11682fb2c3,MPX_3317896,Isigny Sainte Mère Mimolette 1/2 Bio 200g,5.45,27.25,"['Nos régions de France', 'Normandie', 'Les marques de la région']",Isigny Sainte Mère,True,False,false,1.0,MONTH,200g,['Produit bio'],https://courses.monoprix.fr/images-v3/0c44253f-c4a3-4340-9d37-d41e42b9d14a/590d4714-3fa1-42f4-9932-53f815ee61d1/300x300.jpg
Nos régions de France,67c6507c-07f5-43f0-b220-d3050954d784,MPX_4108539,Bret's Chips Sarrasin Nature 120g,3.99,33.25,"['Epicerie Salée', 'Produit apéritif', 'Chips et Biscuit Apéritif', 'Chips']",Brets,True,False,false,2.0,MONTH,120g,[],https://courses.monoprix.fr/images-v3/0c44253f-c4a3-4340-9d37-d41e42b9d14a/e0aa2a8b-a20c-467c-9b7a-0021f3677448/300x300.jpg
Nos régions de France,651371fd-98a9-4f5f-9c8f-b79bab424521,MPX_3622779,Loué Filet De Dinde En Tranche 310G,7.98,22.79,"['Boucherie et Volaille', 'Volaille', 'Dinde']",LOUE,True,False,false,5.0,DAY,350,[],https://courses.monoprix.fr/images-v3/0c44253f-c4a3-4340-9d37-d41e42b9d14a/517dab20-bc0e-4e48-a02e-827768a14f16/300x300.jpg
Nos régions de France,28493391-54fb-44b9-8d1b-1cb6cfd07aee,MPX_2095257,Saint-Pourçain 75Cl,4.99,6.65,"['Nos régions de France', 'Centre Val de Loire', 'Vins']",Saint-Pourçain,True,False,false,,,750ml,[],https://courses.monoprix.fr/images-v3/0c44253f-c4a3-4340-9d37-d41e42b9d14a/425c9544-4b97-4b45-980c-dd5d3b24a089/300x300.jpg
Nos régions de France,50b1cfd0-649f-4264-86cc-7ee5900b251f,MPX_297,Lu Beurrés Nantais Sablés Pur Beurre 130g,1.55,11.92,"['Nos régions de France', 'Pays de la Loire', 'Préfou, brioche et petit beurre']",LU,True,False,false,1.0,MONTH,130g,[],https://courses.monoprix.fr/images-v3/0c44253f-c4a3-4340-9d37-d41e42b9d14a/2b134a7f-1ba1-41b7-850f-9fdcdb60ae3e/300x300.jpg
Nos régions de France,a77208a2-bc18-4694-a19b-02957770a3c0,MPX_3011411,Monoprix Gourmet Beaufort été AOP 1kg,8.32,32.0,"['Nos régions de France', 'Auvergne Rhône Alpes', 'Fromages régionaux et crèmerie']",Monoprix Gourmet,True,False,false,1.0,WEEK,260,[],https://courses.monoprix.fr/images-v3/0c44253f-c4a3-4340-9d37-d41e42b9d14a/8d9b2f5a-2d79-48bf-a2b7-c829c9cacd15/300x300.jpg
Nos régions de France,64decb7e-4c28-4b34-84ae-7ca895c09045,MPX_2862523,Monoprix Gourmet Emmental de Savoie 140g,3.09,22.07,"['Nos régions de France', 'Auvergne Rhône Alpes', 'Fromages régionaux et crèmerie']",Monoprix Gourmet,True,False,false,1.0,WEEK,140g,[],https://courses.monoprix.fr/images-v3/0c44253f-c4a3-4340-9d37-d41e42b9d14a/503d774f-c9e0-4e0a-86dd-b62220497040/300x300.jpg
Nos régions de France,f75c6d40-82ea-409b-8b50-489b0b978e82,MPX_179995,Port Salut Fromage Spécialité 320 g,3.39,10.59,"['Nos régions de France', 'Pays de la Loire', 'Fromage']",Port Salut,True,False,false,1.0,WEEK,320g,[],https://courses.monoprix.fr/images-v3/0c44253f-c4a3-4340-9d37-d41e42b9d14a/a82df676-cd78-4f70-bfcb-ea1cd8ccb338/300x300.jpg
Nos régions de France,a538c48b-52e2-443b-9a0f-c0c5c4dd374c,MPX_3034233,Atelier Georget Part de Tarte Normande 130g,2.5,19.23,"['Nos régions de France', 'Normandie', 'Biscuit, cake et tarte normande']",HAFNER,True,False,false,4.0,DAY,130g,[],https://courses.monoprix.fr/images-v3/0c44253f-c4a3-4340-9d37-d41e42b9d14a/02542723-68d4-4a3d-a45e-4f0ae1fc80c9/300x300.jpg
Nos régions de France,969e644c-8190-4f30-8866-a644da45b284,MPX_2425104,Monoprix Gourmet Neufchatel AOP 200g,4.15,20.75,"['Nos régions de France', 'Normandie', 'Crème, fromage et beurre']",Monoprix Gourmet,True,False,false,1.0,WEEK,200g,[],https://courses.monoprix.fr/images-v3/0c44253f-c4a3-4340-9d37-d41e42b9d14a/3b595183-501c-4d54-a0f1-866fa696026a/300x300.jpg
Nos régions de France,b6e6d489-2ebb-44ef-a500-dc97cf2593d8,MPX_4043236,Natoora Salade Feuille de chêne - Rouge - 1 pièce,2.69,2.69,"['Fruits & Légumes', 'Natoora le Primeur', 'Légumes, Salades et Herbes']",Natoora,True,False,false,2.0,DAY,,[],https://courses.monoprix.fr/images-v3/0c44253f-c4a3-4340-9d37-d41e42b9d14a/4ba94856-34ac-4af4-acbf-32da56a69120/300x300.jpg
Nos régions de France,8e33919b-ab41-4de9-bc98-824034f23641,MPX_812524,Monoprix Gourmet Fleur De Sel De Noirmoutier 125G,4.75,38.0,"['Nos régions de France', 'Pays de la Loire', 'Sel et beurre de Noirmoutier']",Monoprix Gourmet,True,False,false,,,125g,[],https://courses.monoprix.fr/images-v3/0c44253f-c4a3-4340-9d37-d41e42b9d14a/eda72862-7e13-452c-b92f-4fbd63969a9e/300x300.jpg
Nos régions de France,9b34dca9-d1c2-407b-86e0-a41e3418f8c4,MPX_1804022,"Bô Rivage AOP Bandol, Rosé 75cl",8.7,11.6,"['Bio', 'Boisson et Cave bio', 'Cave bio']",LES VINS BREBAN,True,False,false,,,750ml,[],https://courses.monoprix.fr/images-v3/0c44253f-c4a3-4340-9d37-d41e42b9d14a/60edb708-d768-4644-8313-058f11d2d35e/300x300.jpg
Nos régions de France,74aa1925-3b10-4306-ae0c-bbee438fdbe9,MPX_3070048,Château Minuty Prestige Minuty Côtes De Provence Rosé 75Cl,19.9,26.53,"['Nos sélections', 'Inspiration du moment', '& Barbecue', 'Bière, Cave et Spiritueux']",Minuty,True,False,false,,,750ml,[],https://courses.monoprix.fr/images-v3/0c44253f-c4a3-4340-9d37-d41e42b9d14a/868e56f0-86d2-4d81-9d71-713507571cd1/300x300.jpg
Nos régions de France,4a8f1e09-639f-4971-b427-6ab2208b8b21,MPX_5519111,Brets Chips Saveur Pili Pili 125g,1.69,13.52,"['Epicerie Salée', 'Produit apéritif', 'Chips et Biscuit Apéritif', 'Chips']",BRETS,True,False,false,2.0,MONTH,125g,[],https://courses.monoprix.fr/images-v3/0c44253f-c4a3-4340-9d37-d41e42b9d14a/3ffa9bd1-9e30-4940-a01e-a533f54d6511/300x300.jpg
Nos régions de France,5606a7d7-8824-49b3-9e1a-df0892efedd6,MPX_970199,Perrière Blanc Sancerre 75Cl,17.5,23.33,"['Nos régions de France', 'Centre Val de Loire', 'Vins']",NoBrand,True,False,false,,,750ml,[],https://courses.monoprix.fr/images-v3/0c44253f-c4a3-4340-9d37-d41e42b9d14a/b5d4052c-af85-40e3-a049-d9def464c8bd/300x300.jpg
Nos régions de France,46a23950-ed40-46a5-974f-35e56d97ee14,MPX_4015996,Bret's Chips Bio au sel de guérande 100g,2.19,21.9,"['Epicerie Salée', 'Produit apéritif', 'Chips et Biscuit Apéritif', 'Chips']",Brets,True,False,false,2.0,MONTH,100g,"['Produit végétarien', 'Produit bio']",https://courses.monoprix.fr/images-v3/0c44253f-c4a3-4340-9d37-d41e42b9d14a/7a914086-edca-4aec-8894-f796a83049ce/300x300.jpg
Nos régions de France,556c1b28-c603-40df-9a0d-beb97c7c3ec0,MPX_1332847,"Le Trésor Des Dieux Sardines À L'Huile D'Olive Vierge Extra 86,3G",3.69,42.91,"['Nos régions de France', 'Pays de la Loire', 'Mogette et sardine']",LE TRESOR DES DIEUX,True,False,false,6.0,MONTH,86g,[],https://courses.monoprix.fr/images-v3/0c44253f-c4a3-4340-9d37-d41e42b9d14a/8351bee5-e11f-4f66-85c2-25584128f575/300x300.jpg
Nos régions de France,320325c0-0baf-4027-a073-42664cbbccee,MPX_3207320,Stoeffler Saucisse La Viennoise 220G,5.39,24.5,"['Nos régions de France', 'Grand Est', 'Alsace']",Stoeffler,True,False,false,1.0,WEEK,220g,[],https://courses.monoprix.fr/images-v3/0c44253f-c4a3-4340-9d37-d41e42b9d14a/cbd36f6c-f9bf-41d3-be5d-c8f795d6bf02/300x300.jpg
Nos régions de France,d27b5c7c-a501-480b-b21a-8399d58ba854,MPX_3987635,Natoora Sauge Botte - 40g,1.99,1.99,"['Fruits & Légumes', 'Natoora le Primeur', 'Légumes, Salades et Herbes']",Natoora,True,False,false,2.0,DAY,,[],https://courses.monoprix.fr/images-v3/0c44253f-c4a3-4340-9d37-d41e42b9d14a/cf7d5cbb-2bc3-434d-a39b-a363be7f5946/300x300.jpg
Nos régions de France,52983231-84ed-4c13-b4fd-ffbdcb158d8a,MPX_2787276,Coopérative Jeune Montagne Aligot de l'Aubrac 500g,9.09,18.18,"['Nos régions de France', 'Auvergne Rhône Alpes', 'Plat cuisiné, tripoux, aligot et épicerie salée']",COOPERATIVE JEUNE MONTAGNE,True,False,false,1.0,WEEK,500g,[],https://courses.monoprix.fr/images-v3/0c44253f-c4a3-4340-9d37-d41e42b9d14a/7652a5d7-8bdc-4900-8d84-0409c9481202/300x300.jpg
Nos régions de France,7fd1f13c-1cea-4190-b779-cd4454d6edfd,MPX_2798100,Rians Crottin De Chavignol Aop Frais Emballe 120g,5.45,45.42,"['Nos régions de France', 'Centre Val de Loire', 'Fromages et faisselles']",La chèvre dorée,True,False,false,2.0,WEEK,120g,[],https://courses.monoprix.fr/images-v3/0c44253f-c4a3-4340-9d37-d41e42b9d14a/6a55942d-f4d3-4e45-8287-2e56119e095c/300x300.jpg
Nos régions de France,5acb7ee9-f18e-4beb-931e-d33167ab1c0b,MPX_3292146,Les Niçois Mini-focaccias aux olives de Papi Armando 200g,4.19,20.95,"['Epicerie Salée', 'Produit apéritif', 'Chips et Biscuit Apéritif', 'Crackers et Bretzel']",Les nicois,True,False,false,6.0,MONTH,200g,[],https://courses.monoprix.fr/images-v3/0c44253f-c4a3-4340-9d37-d41e42b9d14a/422f5a41-d76a-4c63-9410-ff996de9be61/300x300.jpg
Nos sélections,5f86bac5-48be-4ffe-a314-1f215dc5f255,MPX_2409711,"Vittel Eau Minérale Naturelle Des Vosges 6x1,5L",3.55,0.39,"['Boissons et Lait', 'Eau', 'Eau plate']",Vittel,True,False,false,1.0,MONTH,6 x 1.5L,[],https://courses.monoprix.fr/images-v3/0c44253f-c4a3-4340-9d37-d41e42b9d14a/5e7e6892-d6f0-4792-996c-aae7839e7834/300x300.jpg
Nos sélections,08829b8b-79cf-4791-8fbd-3099ebffcd53,MPX_163027,Monoprix Olives vertes dénoyautées 160g,1.29,8.06,"['Nos sélections', 'Inspiration du moment', '& Barbecue', 'Epicerie salée']",Monoprix,True,False,false,1.0,YEAR,160g,[],https://courses.monoprix.fr/images-v3/0c44253f-c4a3-4340-9d37-d41e42b9d14a/062f3bad-1084-4825-bb04-5a62ef2c598c/300x300.jpg
Nos sélections,cb2a8a52-463c-43b1-8bf0-0d7d869b0033,MPX_2454314,Perrier Eau Minérale Naturelle Gazeuse 6x33cl,3.19,1.61,"['Boissons et Lait', 'Eau', 'Eau gazeuse']",Perrier,True,False,false,1.0,MONTH,6 x 33cl,[],https://courses.monoprix.fr/images-v3/0c44253f-c4a3-4340-9d37-d41e42b9d14a/49c2206b-434e-4d16-8038-8c17f8438a4c/300x300.jpg
Nos sélections,de0a3818-50de-4e28-968c-b22ccaaa3108,MPX_4246668,Monoprix Haché En Vrac 5% Mg 350g,5.69,16.26,"['Boucherie et Volaille', 'Boucherie', 'Viandes hachées et farces']",Monoprix,True,False,false,2.0,DAY,350g,[],https://courses.monoprix.fr/images-v3/0c44253f-c4a3-4340-9d37-d41e42b9d14a/54e69d4a-0983-4876-a1ae-c3596e46d3fd/300x300.jpg
Nos sélections,7c180e33-1641-453d-a8a0-f160ddbf9d22,MPX_4246664,Monoprix Steak Hachés 5% 2X125G,4.15,16.6,"['Boucherie et Volaille', 'Boucherie', 'Viandes hachées et farces']",Monoprix,True,False,false,2.0,DAY,250g,[],https://courses.monoprix.fr/images-v3/0c44253f-c4a3-4340-9d37-d41e42b9d14a/95de63d8-5f46-4e96-9924-0889e6c00950/300x300.jpg
Nos sélections,3b5941c2-ae78-4888-93c3-c36c2f7ae818,MPX_1111204,Matin Leger Lait Sans Lactose 6x1L,12.49,2.08,"['Boissons et Lait', 'Lait', 'Lait UHT demi-écrémé']",Matin leger,True,False,false,4.0,WEEK,6 x 1L,[],https://courses.monoprix.fr/images-v3/0c44253f-c4a3-4340-9d37-d41e42b9d14a/a86b8ad3-1998-44d0-a591-408508857693/300x300.jpg
Nos sélections,ac77c25d-8c1c-4bc0-83b2-8d8dee4907b4,MPX_1894583,Granola Cookies aux gros éclats de Chocolat 184g,2.35,12.77,"['Nos sélections', 'Boutique Enfants', 'Pour le goûter de vos enfants', 'Biscuit et Goûter']",Granola,True,False,false,2.0,MONTH,184g,[],https://courses.monoprix.fr/images-v3/0c44253f-c4a3-4340-9d37-d41e42b9d14a/773f4ed1-06f8-41cf-944a-bb6c84e0aff6/300x300.jpg
Nos sélections,a691f4ea-6024-42ab-9b23-57320d77d38e,MPX_3648532,Monoprix Farine De Blé Type 55 1kg,0.99,0.99,"['Nos sélections', 'Inspiration du moment', ""& La pâtisserie c'est du gâteau"", 'Sucre, Farine et Aide à la pâtisserie']",MONOPRIX,True,False,false,2.0,MONTH,1kg,[],https://courses.monoprix.fr/images-v3/0c44253f-c4a3-4340-9d37-d41e42b9d14a/a0c8c183-9bbf-40dc-ade3-0f0456ab02bb/300x300.jpg
Nos sélections,6ea68745-3bbb-4860-9bcb-e2ec8a0dfcf0,MPX_3266125,Heinz Tomato Ketchup Flacon Top Down 460G,2.35,5.11,"['Nos recettes', 'Recettes du Monde', '& Crêpe Japonaise Okonomiyaki']",Heinz,True,False,false,2.0,MONTH,460g,[],https://courses.monoprix.fr/images-v3/0c44253f-c4a3-4340-9d37-d41e42b9d14a/8bec90dd-4f73-4c07-ac6e-fd255bdff750/300x300.jpg
Nos sélections,b03b52bc-2d8a-436d-a1e5-37ba3ee6d5f6,MPX_3954590,Rummo Sauce Tomates et Basilic 340g,2.99,8.79,"['Produits du monde', 'Italie - Italia', 'Sauces']",RUMMO,True,False,false,1.0,YEAR,340g,[],https://courses.monoprix.fr/images-v3/0c44253f-c4a3-4340-9d37-d41e42b9d14a/37238fdc-86ad-4f5b-affc-653e8ae1c77d/300x300.jpg
Nos sélections,d75e8cb7-5c79-4964-a4a4-a34a46a343b6,MPX_3648530,Monoprix Farine De Blé Fluide Type 45 1kg,1.29,1.29,"['Nos sélections', 'Inspiration du moment', ""& La pâtisserie c'est du gâteau"", 'Sucre, Farine et Aide à la pâtisserie']",MONOPRIX,True,False,false,2.0,MONTH,1kg,[],https://courses.monoprix.fr/images-v3/0c44253f-c4a3-4340-9d37-d41e42b9d14a/d715f502-bc02-4623-ba1f-1d1855a716c8/300x300.jpg
Nos sélections,fccc23a3-96a3-4886-8c10-a6095e9c1f68,MPX_6712455,Lenor Adoucissant Envolée d'Air 40 Lavages 840ml,4.99,5.94,"['Entretien & Nettoyage', 'Lessive et soin du linge', 'Adoucissant', 'Concentré']",Lenor,True,False,false,,,840ml,[],https://courses.monoprix.fr/images-v3/0c44253f-c4a3-4340-9d37-d41e42b9d14a/1d1d5e87-1248-4d9b-b569-daf980d1028c/300x300.jpg
Nos sélections,ebcda2af-33d2-4a7b-b6f7-148b0393360f,MPX_2560383,Monoprix Gourmet Bresaola Viande de Boeuf Séchée. I.G.P. 80g,6.65,83.13,"['Nos sélections', 'Inspiration du moment', 'Sélection Charcuterie et Fromage']",Monoprix Gourmet,True,False,false,2.0,WEEK,80g,[],https://courses.monoprix.fr/images-v3/0c44253f-c4a3-4340-9d37-d41e42b9d14a/5f6548cc-2c4a-4858-a553-d0f9de684b8a/300x300.jpg
Nos sélections,30597582-0438-4eaf-94b9-0f1eba8c2dfe,MPX_1557473,"Seven Up 7up - Soda zero sucres citron & citron vert - La bouteille de 1,5L",1.49,0.99,"['Promotions', 'Les promos à ne pas manquer', 'Le 2ème à moins 50%']",7up,True,False,false,1.0,MONTH,1.5L,[],https://courses.monoprix.fr/images-v3/0c44253f-c4a3-4340-9d37-d41e42b9d14a/5cb61ab9-6ebe-40f7-917c-404cbf28283c/300x300.jpg
Nos sélections,f7ba97c1-7abf-4dc9-b07c-fdee8426c73a,MPX_3500098,Regent's Park bagels sésame 250g,4.65,18.6,"['Produits du monde', 'Royaume-Uni - UK', 'Biscuits, Confitures et Pâtes à tartiner']",REGENT'S PARK,True,False,false,1.0,WEEK,250g,['Produit végétarien'],https://courses.monoprix.fr/images-v3/0c44253f-c4a3-4340-9d37-d41e42b9d14a/8c6e7ed2-0c6c-40b8-8160-80ff79aa1aaf/300x300.jpg
Nos sélections,a4a22b9c-a6b8-4449-a2d6-2418373590f4,MPX_3858545,Hipro Yaourt Vanille 15g Protéines 2x160g,2.99,9.34,"['Produits Laitiers, Œufs et Fromages', 'Yaourts', 'Yaourts aromatisés et aux fruits']",Hipro,True,False,false,1.0,WEEK,320g,[],https://courses.monoprix.fr/images-v3/0c44253f-c4a3-4340-9d37-d41e42b9d14a/125d8b18-6e8f-4454-a8b8-0e251dfa0810/300x300.jpg
Nos sélections,915df9fd-6e72-4821-a381-6b5e5b976985,MPX_4003949,Monoprix Gourmet Chips de Sarrasin 100g,4.65,46.5,"['Epicerie Salée', 'Produit apéritif', 'Chips et Biscuit Apéritif', 'Chips']",Monoprix Gourmet,True,False,false,1.0,MONTH,100g,[],https://courses.monoprix.fr/images-v3/0c44253f-c4a3-4340-9d37-d41e42b9d14a/ee4c0cf0-5c00-4c24-992b-35bd118592cf/300x300.jpg
Nos sélections,2a63a7c4-b271-4761-a5e4-b639452cd509,MPX_2936798,Ferme d'Anchin Soupe Lentille Corail et Cumin Bio 30cl,3.09,10.3,"['Fruits & Légumes', 'Soupes & Purées', 'Soupes à réchauffer']",Les recettes ferme d'anchin,True,False,false,1.0,WEEK,300ml,['Produit bio'],https://courses.monoprix.fr/images-v3/0c44253f-c4a3-4340-9d37-d41e42b9d14a/bbd87e8e-6bcf-48aa-9fb1-89a89dd65383/300x300.jpg
Nos sélections,de0ed18b-46ea-44d4-b641-d805712b4e31,MPX_1342850,Yoplait Ptit Yop Panache Yaourt A Boire 6x180g,3.49,19.39,"['Nos sélections', 'Boutique Enfants', 'Repas facile pour les enfants', 'Dessert']",Yop,True,False,false,1.0,WEEK,180g,[],https://courses.monoprix.fr/images-v3/0c44253f-c4a3-4340-9d37-d41e42b9d14a/3ecb02ef-9fab-4927-8beb-2088efb38c41/300x300.jpg
Nos sélections,022e9302-3dd9-43e2-8efb-9cf2f2389bda,MPX_658801,Monoprix Essuie-Tout Triple Epaisseur x4,2.39,0.6,"['Entretien & Nettoyage', 'Essuie tout et Papier toilette', 'Essuie tout']",Monoprix,True,False,false,,,4 par pack,[],https://courses.monoprix.fr/images-v3/0c44253f-c4a3-4340-9d37-d41e42b9d14a/70d63acd-35b7-42e3-9209-9f7b1d3862e6/300x300.jpg
Nos sélections,4b2d759b-8833-4c35-86a0-079832dd4b76,MPX_3648296,Max Havelaar Banane Bio x5,1.99,0.4,"['Bio', 'Fruit et Légume bio', 'Fruit frais bio']",-,True,False,false,2.0,DAY,5 par pack,"['Produit équitable', 'Produit bio']",https://courses.monoprix.fr/images-v3/0c44253f-c4a3-4340-9d37-d41e42b9d14a/ff8abea8-c868-4116-bb38-956055fcde1b/300x300.jpg
Nos sélections,63e04484-0bfc-44d2-96a7-cc40afd79377,MPX_3367317,Monoprix Papier toilette double épaisseur x12,2.89,0.24,"['Entretien & Nettoyage', 'Essuie tout et Papier toilette', 'Papier toilette', 'Par 12']",Monoprix,True,False,false,,,12 par pack,[],https://courses.monoprix.fr/images-v3/0c44253f-c4a3-4340-9d37-d41e42b9d14a/f9337a53-4f57-4019-bb63-53ee3c5de5c9/300x300.jpg
Nos sélections,5e8beb6a-e669-47f7-b498-cb004957820b,MPX_4231092,Monoprix Bio Œufs Bio x10,4.89,0.49,"['Bio', 'Crèmerie bio', 'Œuf bio']",Monoprix Bio,True,False,false,1.0,WEEK,10 par pack,['Produit bio'],https://courses.monoprix.fr/images-v3/0c44253f-c4a3-4340-9d37-d41e42b9d14a/dbac32ed-f009-4e8e-9cff-9bff8feb6dca/300x300.jpg
Nos sélections,d97b016b-faa7-4e7f-a34b-1751de9f91b5,MPX_2154121,Monoprix Bio Citron Jaune x4 Catégorie 2,2.29,0.57,"['Bio', 'Fruit et Légume bio', 'Fruit frais bio']",Monoprix,True,False,false,2.0,DAY,4 par pack,['Produit bio'],https://courses.monoprix.fr/images-v3/0c44253f-c4a3-4340-9d37-d41e42b9d14a/64a7ffe0-2247-4eed-9743-b66fa25ec0cd/300x300.jpg
Nos sélections,d458f6be-d4f4-4c83-99e0-aebd8e742535,MPX_123286,Monoprix Emmental français râpé 200g,1.79,8.95,"['Nos sélections', 'Inspiration du moment', 'Nos coups de coeur Origine France']",Monoprix,True,False,false,3.0,WEEK,200g,[],https://courses.monoprix.fr/images-v3/0c44253f-c4a3-4340-9d37-d41e42b9d14a/e017faf1-a174-4109-b653-fd02812346d5/300x300.jpg
Nos sélections,93a955b6-fdf4-4743-8703-c0cd7e672d44,MPX_149317,Concombre Bio 1 pièce,1.99,1.99,"['Fruits & Légumes', 'Légumes Frais', 'Avocats, Concombres et Radis', 'Concombre']",BIO,True,False,false,2.0,DAY,,['Produit bio'],https://courses.monoprix.fr/images-v3/0c44253f-c4a3-4340-9d37-d41e42b9d14a/e450b817-5c2f-4efb-b9a5-fc38cfd54e6c/300x300.jpg
Nos sélections,ebb1891d-e36b-4e02-a521-55cedfd71c10,MPX_1120135,Monoprix beurre doux 250g,2.39,9.56,"['Nos sélections', 'Inspiration du moment', ""& La pâtisserie c'est du gâteau"", 'Produits laitiers et œufs']",Monoprix,True,False,false,3.0,WEEK,250g,[],https://courses.monoprix.fr/images-v3/0c44253f-c4a3-4340-9d37-d41e42b9d14a/c5f6816a-5047-4117-a613-a0c81520b589/300x300.jpg
Nos sélections,8b3f5b6f-c47d-4687-8f05-db5efeba8a99,MPX_1119096,Monoprix mozzarella le sachet de 125g,0.89,7.12,"['Produits du monde', 'Italie - Italia', 'Mozzarella, Parmesan, Burrata et Ricotta']",Monoprix,True,False,false,1.0,WEEK,125g,[],https://courses.monoprix.fr/images-v3/0c44253f-c4a3-4340-9d37-d41e42b9d14a/cbb48813-1fe1-4f35-9f39-71af31292bc2/300x300.jpg
Nos sélections,6cd18ba9-c429-4462-ac89-c7b30dc01094,MPX_160492,Monoprix Papier toilette double épaisseur x6,1.45,0.24,"['Entretien & Nettoyage', 'Essuie tout et Papier toilette', 'Papier toilette', 'Par 6']",Monoprix,True,False,false,,,6 par pack,[],https://courses.monoprix.fr/images-v3/0c44253f-c4a3-4340-9d37-d41e42b9d14a/e47fc1a9-d6af-48cf-80f4-d70a3cc08a7d/300x300.jpg
Nos sélections,b2cf52be-a051-409f-aed1-b2c47d918327,MPX_1279416,Monoprix Gourmet Œufs Gros Label Rouge 6 Unités,2.69,0.45,"['Nos sélections', 'Inspiration du moment', '& Notre sélection brunch', 'Œufs']",Monoprix Gourmet,True,False,false,1.0,WEEK,6 par pack,[],https://courses.monoprix.fr/images-v3/0c44253f-c4a3-4340-9d37-d41e42b9d14a/adf8d217-26dc-4e9f-9362-c4535e76a8f8/300x300.jpg
Nos sélections,d51cddbd-8d49-4680-8f1c-4a5a6eb8b8d9,MPX_3341722,"Coca-cola Sans Sucres 1,75l",2.09,1.19,"['Nos sélections', 'Nos marques du moment', ""Promogaming Fin d'année 2024""]",Coca-Cola,True,False,false,1.0,MONTH,1.75L,[],https://courses.monoprix.fr/images-v3/0c44253f-c4a3-4340-9d37-d41e42b9d14a/2b39b8bc-0d23-4f19-b33a-f510e22019b0/300x300.jpg
Nos sélections,56283cda-80fc-4448-85cc-70231b5241da,MPX_2350772,Cœur de Sucrine x3,1.5,0.5,"['Fruits & Légumes', 'Prêts à consommer', 'Salades']",-,True,False,false,1.0,DAY,3 par pack,[],https://courses.monoprix.fr/images-v3/0c44253f-c4a3-4340-9d37-d41e42b9d14a/5df707dc-c675-40a7-b36d-706fd0c8f286/300x300.jpg
Nos sélections,bada66b2-d1d4-477c-8f6f-a019dd78fffd,MPX_2564591,Avocat Hass Bio x2,4.49,2.25,"['Fruits & Légumes', 'Légumes Frais', 'Avocats, Concombres et Radis', 'Avocat']",-,True,False,false,2.0,DAY,2 par pack,['Produit bio'],https://courses.monoprix.fr/images-v3/0c44253f-c4a3-4340-9d37-d41e42b9d14a/ab1e4d87-5e87-4c98-b04f-b801c0610a8c/300x300.jpg
Nos sélections,7f5e723b-ff8c-42dd-aa0e-49649d1b6efa,MPX_3599267,Monoprix Jambon Cuit 4 Tranches Sans Couenne 160g,2.19,13.69,"['Charcuterie et Traiteur', 'Charcuterie', 'Jambon blanc']",Monoprix,True,False,false,1.0,WEEK,160g,[],https://courses.monoprix.fr/images-v3/0c44253f-c4a3-4340-9d37-d41e42b9d14a/d247857f-3113-44d6-bcdc-a19bfe565b6f/300x300.jpg
Nos sélections,21f2fb84-fce8-4a6d-b643-a57fac952cc7,MPX_1921543,Monoprix Bio Galettes de Blé noir 200g,3.49,17.45,"['Nos sélections', 'Inspiration du moment', '& Frigo vide', 'Traiteur']",Monoprix Bio,True,False,false,6.0,DAY,200g,['Produit bio'],https://courses.monoprix.fr/images-v3/0c44253f-c4a3-4340-9d37-d41e42b9d14a/fdec67db-dd68-4cb1-851b-83800349e585/300x300.jpg
Nos sélections,6ee71c87-d750-41b3-a2b3-60875e41b06d,MPX_3636368,Monoprix Œufs de poules élevées en plein air x12,4.65,0.39,"['Nos sélections', 'Inspiration du moment', '& Notre sélection brunch', 'Œufs']",Monoprix,True,False,false,1.0,WEEK,12 par pack,[],https://courses.monoprix.fr/images-v3/0c44253f-c4a3-4340-9d37-d41e42b9d14a/87a8d98a-6e00-4fe7-b254-01fff98e1a3a/300x300.jpg
Nos sélections,47c8d6ca-336d-4efd-86b2-07ff0692c030,MPX_2159157,Bouquet Bio Tomates cerise Bio 250g,2.99,11.96,"['Bio', 'Fruit et Légume bio', 'Légume frais bio']",-,True,False,false,3.0,DAY,250g,['Produit bio'],https://courses.monoprix.fr/images-v3/0c44253f-c4a3-4340-9d37-d41e42b9d14a/26278af1-5161-40b1-9ee1-4a0a9e7424ee/300x300.jpg
Nos sélections,19fe8e3d-f256-4828-b138-7252e7010b49,MPX_810309,Oignon jaune 500g,1.99,3.98,"['Fruits & Légumes', 'Légumes Frais', 'Ail, Oignons et Echalotes', 'Oignon']",Monoprix,True,False,false,1.0,WEEK,500g,[],https://courses.monoprix.fr/images-v3/0c44253f-c4a3-4340-9d37-d41e42b9d14a/da45e92f-4fae-4175-8e0b-d2cd8dd03d6b/300x300.jpg
Nos sélections,708f1121-1b32-46c8-a6d8-d8ff4b4b867d,MPX_1349675,Monoprix Comté 6 mois d'affinage 250g,3.59,14.36,"['Nos sélections', 'Inspiration du moment', '& Apéro entre amis', 'Fromages']",Monoprix,True,False,false,3.0,WEEK,250g,[],https://courses.monoprix.fr/images-v3/0c44253f-c4a3-4340-9d37-d41e42b9d14a/18538f00-b105-4def-8ab5-2b64c1a437d9/300x300.jpg
Nos sélections,b6271c2b-9759-41e3-8cd5-07e7c8f5d2b2,MPX_64779,Grand Fermage Beurre Cristaux Sel De Mer 250g,3.29,13.16,"['Nos régions de France', 'Pays de la Loire', 'Sel et beurre de Noirmoutier']",Grand fermage,True,False,false,3.0,WEEK,250g,[],https://courses.monoprix.fr/images-v3/0c44253f-c4a3-4340-9d37-d41e42b9d14a/bdb61eb1-8980-4fb9-9cc4-76aa6a9fe947/300x300.jpg
Nos sélections,25df40c9-55e2-4ff7-a4ac-6e5d3cf4fd3a,MPX_1772497,Monoprix 8 Pains Au Chocolat 360G,1.99,5.53,"['Pain et Viennoiserie', 'Pain au lait et Brioche', 'Pain au lait']",Monoprix,True,False,false,1.0,WEEK,360g,[],https://courses.monoprix.fr/images-v3/0c44253f-c4a3-4340-9d37-d41e42b9d14a/3b6d54b1-cf5b-4868-868e-3ea086959e1d/300x300.jpg
Nos sélections,80af7bcb-2ac7-46b3-b519-ed6ddd553af0,MPX_1639913,Monoprix Pâte À Pizza Fine 260g,1.05,4.04,"['Nos recettes', 'Recettes du Monde', '& Pizza Chorizo Mozzarella Roquette']",Monoprix,True,False,false,1.0,WEEK,260g,[],https://courses.monoprix.fr/images-v3/0c44253f-c4a3-4340-9d37-d41e42b9d14a/c88a4ef9-b8d1-4345-acfb-bf29b75b651b/300x300.jpg
Nos sélections,705bd3a5-8427-4f43-b7e1-6a9369d40d52,MPX_655062,"Pomme de Terre Ile de Batz Bio 1,5kg",5.99,3.99,"['Fruits & Légumes', 'Légumes Frais', 'Légumes Bio']",-,True,False,false,4.0,DAY,1.5kg,['Produit bio'],https://courses.monoprix.fr/images-v3/0c44253f-c4a3-4340-9d37-d41e42b9d14a/1b363456-4d79-410e-a650-f3c2b864642e/300x300.jpg
Nos sélections,ece5589d-0e34-4575-aead-64b8d3f1aa5a,MPX_1625585,Poilane Quart de Miche tranchée 450g,3.25,7.22,"['Nos sélections', 'Inspiration du moment', '& Le Coin du marché', 'Pains et viennoiseries']",POILÂNE,True,False,false,1.0,DAY,450g,[],https://courses.monoprix.fr/images-v3/0c44253f-c4a3-4340-9d37-d41e42b9d14a/33f98a5d-c2df-44d2-a8a8-d816166febc1/300x300.jpg
Nos sélections,d04a1a1a-68fd-41a1-9a38-436670acad19,MPX_1545684,Granola Sablés nappés au Chocolat au Lait 225g,1.99,8.84,"['Nos sélections', 'Boutique Enfants', 'Pour le goûter de vos enfants', 'Biscuit et Goûter']",Granola,True,False,false,2.0,MONTH,225g,[],https://courses.monoprix.fr/images-v3/0c44253f-c4a3-4340-9d37-d41e42b9d14a/5cab8e87-15db-4059-a055-182b9296b5d5/300x300.jpg
Nos sélections,50c1004d-981e-435d-adb7-67bde4df44b4,MPX_3367323,Monoprix Papier Aluminium 20 Mètres,2.55,2.55,"['Entretien & Nettoyage', 'Accessoire menager', 'Emballage alimentaire', 'Aluminium']",MONOPRIX,True,False,false,,,,[],https://courses.monoprix.fr/images-v3/0c44253f-c4a3-4340-9d37-d41e42b9d14a/c0d12d4c-6b7e-47d5-aa0c-6875a070548e/300x300.jpg
Nos sélections,bc326f53-f5a6-4828-ba25-da085812e3e5,MPX_2414223,Rummo Penne Rigate n°66 500g,2.49,4.98,"['Produits du monde', 'Italie - Italia', 'Pâtes, Riz et Risotto']",Rummo,True,False,false,1.0,YEAR,500g,[],https://courses.monoprix.fr/images-v3/0c44253f-c4a3-4340-9d37-d41e42b9d14a/ca5052b6-fa62-4161-abc5-806ed7d4f56f/300x300.jpg
Nos sélections,e90886a2-ad12-4423-83fa-d8c79ee15089,MPX_5196536,Babybel Mini Rouge X20 - 440 G,6.79,15.43,"['Nos sélections', 'Inspiration du moment', '& Sélection gros formats', 'Crèmerie']",Babybel,True,False,false,2.0,WEEK,440g,[],https://courses.monoprix.fr/images-v3/0c44253f-c4a3-4340-9d37-d41e42b9d14a/232360af-c8f4-446a-90e3-30ea8296d57c/300x300.jpg
Nos sélections,13c916db-90d8-42cb-92e7-1e536906cd9e,MPX_2008204,Les Nouveaux Producteurs endives XS en sachet x6,3.99,0.67,"['Fruits & Légumes', 'Légumes Frais', 'Salades, Endives, Asperges et Artichauts', 'Endive']",Les Nouveaux Producteurs,True,False,false,2.0,DAY,6 x 1 par pack,[],https://courses.monoprix.fr/images-v3/0c44253f-c4a3-4340-9d37-d41e42b9d14a/84f1c1e0-fa3e-4c92-8951-8409c006ba3a/300x300.jpg
Nos sélections,cd279a39-bdf1-452c-99fd-2abbbc1b8bf7,MPX_1252519,Monoprix crème fraîche légère le pot de 50cl,1.89,3.78,"['Nos sélections', 'Inspiration du moment', 'Nos coups de coeur Origine France']",Monoprix,True,False,false,1.0,WEEK,500ml,[],https://courses.monoprix.fr/images-v3/0c44253f-c4a3-4340-9d37-d41e42b9d14a/22fe774d-7e1a-4b45-9466-1458aac89975/300x300.jpg
Nos sélections,60e4bbc4-17b8-499c-98f1-a4649728f9e1,MPX_659173,Monoprix Pain de mie nature 550g,1.09,1.98,"['Nos sélections', 'Inspiration du moment', 'Nos coups de coeur Origine France']",Monoprix,True,False,false,1.0,WEEK,550g,[],https://courses.monoprix.fr/images-v3/0c44253f-c4a3-4340-9d37-d41e42b9d14a/e2f8a41e-5637-4034-868e-9fea99e6a3d7/300x300.jpg
Nos sélections,e38d3d26-97cd-4654-a23f-d92ba1df8177,MPX_3243442,Danone Skyr Nature 0% M.G. 2x140g,2.85,10.18,"['Produits Laitiers, Œufs et Fromages', 'Yaourts', 'Skyr']",Danone,True,False,false,1.0,WEEK,280g,[],https://courses.monoprix.fr/images-v3/0c44253f-c4a3-4340-9d37-d41e42b9d14a/35fdfc09-abff-49f5-89e9-bbb0f904f1c0/300x300.jpg
Nos sélections,6de5b9fa-f270-4f10-aa92-c53f4dc3777d,MPX_6612802,Labeyrie saumon atlantique Le Norvège 4 tranches 130g,8.49,65.31,"['Produits de la Mer', 'Traiteur de la Mer', 'Saumons et truites fumées']",Labeyrie,True,False,false,1.0,WEEK,130g,[],https://courses.monoprix.fr/images-v3/0c44253f-c4a3-4340-9d37-d41e42b9d14a/bd89b3b8-80af-4a16-a3a1-18dc5455824b/300x300.jpg
Nos sélections,560c4f01-1e34-4688-ba30-2f6fb5861065,MPX_184317,"Pomme Golden 1,5Kg Catégorie 1",3.49,2.33,"['Fruits & Légumes', 'Fruits Frais', 'Pommes, Poires et Raisins', 'Pomme']",Monoprix,True,False,false,3.0,DAY,1.5kg,[],https://courses.monoprix.fr/images-v3/0c44253f-c4a3-4340-9d37-d41e42b9d14a/843d54d7-a83f-4e73-8b18-ca4e8583de96/300x300.jpg
Nos sélections,672a4648-6643-4842-b6a5-7460148fd450,MPX_1682628,Monoprix jus de pomme 100% fruit pressé 1L,1.69,1.69,"['Boissons et Lait', 'Jus et Sirop', 'Jus de pomme']",Monoprix,True,False,false,1.0,MONTH,1L,[],https://courses.monoprix.fr/images-v3/0c44253f-c4a3-4340-9d37-d41e42b9d14a/9a0f5f7b-635e-4fa2-b127-f4a518c7b6af/300x300.jpg
Nos sélections,7c264621-e17c-4e54-9bf7-494f6c10ab2a,MPX_2835889,Monoprix Cheddar medium 200g,2.99,14.95,"['Nos sélections', 'Inspiration du moment', 'Sélection Charcuterie et Fromage']",Monoprix,True,False,false,4.0,WEEK,200g,[],https://courses.monoprix.fr/images-v3/0c44253f-c4a3-4340-9d37-d41e42b9d14a/cb72828b-e635-49d1-9aaa-b9b4b12082e8/300x300.jpg
Nos sélections,3dd9e02a-d4be-4f77-bdbf-7ef909bab902,MPX_3267632,Villani Chiffonnade De Jambon Cuit 80g,3.15,39.38,"['Nos sélections', 'Inspiration du moment', '& Le Coin du marché', 'Charcuterie']",VILLANI,True,False,false,1.0,WEEK,80g,[],https://courses.monoprix.fr/images-v3/0c44253f-c4a3-4340-9d37-d41e42b9d14a/c8bc5cb3-02d1-48fc-8e88-dcc3b0764dec/300x300.jpg
Nos sélections,ce6a902c-7202-4933-9211-4719af5df665,MPX_2247435,Potimarron Bio X1,3.49,3.49,"['Fruits & Légumes', 'Légumes Frais', 'Légumes Bio']",Monoprix Bio,True,False,false,2.0,DAY,,['Produit bio'],https://courses.monoprix.fr/images-v3/0c44253f-c4a3-4340-9d37-d41e42b9d14a/1222be1d-5cec-43bc-9127-30899ab46f28/300x300.jpg
Nos sélections,d3f38ba2-defb-4e2a-839b-6165f24834bf,MPX_1178910,Monoprix Chips à L'Ancienne Nature 150g,0.95,6.33,"['Epicerie Salée', 'Produit apéritif', 'Chips et Biscuit Apéritif', 'Chips']",Monoprix,True,False,false,1.0,MONTH,150g,[],https://courses.monoprix.fr/images-v3/0c44253f-c4a3-4340-9d37-d41e42b9d14a/62817dc7-032c-4b51-a10a-0eab515904df/300x300.jpg
Nos sélections,dce1afdf-9511-4ece-9da8-0b73e0280462,MPX_2653520,Alsa Levure Chimique Alsacienne 8 Sachets 88g,0.99,11.25,"['Nos sélections', 'Inspiration du moment', ""& La pâtisserie c'est du gâteau"", 'Sucre, Farine et Aide à la pâtisserie']",Alsa,True,False,false,2.0,MONTH,88g,[],https://courses.monoprix.fr/images-v3/0c44253f-c4a3-4340-9d37-d41e42b9d14a/7e8a4238-b54d-4326-9d65-f1dd1e0d9d6a/300x300.jpg
Nos sélections,5df53dc0-8cb4-4c9b-af03-81171785b04e,MPX_1118852,Monoprix Palmiers Feuilletés Dorés 100g,0.69,6.9,"['Nos sélections', 'Boutique Enfants', 'Pour le goûter de vos enfants', 'Biscuit et Goûter']",Monoprix,True,False,false,2.0,MONTH,100g,[],https://courses.monoprix.fr/images-v3/0c44253f-c4a3-4340-9d37-d41e42b9d14a/d2be1fff-c9d7-4be6-9b21-9d8ca63fe378/300x300.jpg
Nos sélections,55843b08-6434-47fc-9224-7210a966b677,MPX_2060668,"Pomme de terre Vapeur Salade Rissolée 2,5kg",4.49,1.8,"['Fruits & Légumes', 'Légumes Frais', 'Pommes de terre et Carottes', 'Pommes de terre']",JARDIN DE LIMAGNE,True,False,false,6.0,DAY,2.5kg,[],https://courses.monoprix.fr/images-v3/0c44253f-c4a3-4340-9d37-d41e42b9d14a/3637a780-0ec5-446e-baf9-dcc3029cd8d0/300x300.jpg
Nos sélections,7f23fbcb-f0d7-419b-9d6a-e204da40a97a,MPX_888283,Candia - Grandlait - Lait demi écrémé - le pack 6x 1L,7.79,1.3,"['Nos sélections', 'Inspiration du moment', '& Sélection gros formats', 'Crèmerie']",Grandlait,True,False,false,1.0,MONTH,6 x 1L,[],https://courses.monoprix.fr/images-v3/0c44253f-c4a3-4340-9d37-d41e42b9d14a/7e29cf21-10a4-46f5-bcd6-f47e16a2502b/300x300.jpg
Nos sélections,e66ba3b4-dce3-45a7-98b3-a32ad8de7d03,MPX_1640254,Monoprix Yaourt nature 4x125g,0.75,1.5,"['Nos sélections', 'Inspiration du moment', 'Nos coups de coeur Origine France']",Monoprix,True,False,false,1.0,WEEK,4 x 125g,[],https://courses.monoprix.fr/images-v3/0c44253f-c4a3-4340-9d37-d41e42b9d14a/12a0141e-1cd1-4506-9593-b41fc469014b/300x300.jpg
Nos sélections,d43ea27a-fe1f-48c0-ab8e-7b5bf9c350c7,MPX_6614345,"Lipton - Ice Tea - Boisson au thé zero sucres saveur pêche - La bouteille de 1,25L",1.79,1.43,"['Boissons et Lait', 'Soda et Boisson aromatisée', 'Boisson au thé']",Lipton,True,False,false,2.0,MONTH,1.25L,[],https://courses.monoprix.fr/images-v3/0c44253f-c4a3-4340-9d37-d41e42b9d14a/fbe67390-4278-403d-833c-ed43f9deb921/300x300.jpg
Nos sélections,5aef99eb-9fb4-4827-aea9-b9b2d42ebf11,MPX_1546111,Elle&vire Crème De Normandie Épaisse Entière 30% M.G.. 33cl,2.49,7.55,"['Produits Laitiers, Œufs et Fromages', 'Crèmes et Chantilly', 'Crème fraîche']",Elle & Vire,True,False,false,2.0,WEEK,330ml,[],https://courses.monoprix.fr/images-v3/0c44253f-c4a3-4340-9d37-d41e42b9d14a/6936cdf7-480e-4db5-beaa-225c768555b6/300x300.jpg
Nos sélections,c38f72b8-06f8-47d6-bf44-89475634308c,MPX_4122967,Monoprix Tous Cultiv'Acteurs Échalote Traditionnelle 250g,1.99,7.96,"['Fruits & Légumes', 'Légumes Frais', 'Ail, Oignons et Echalotes', 'Echalote']",Monoprix,True,False,false,1.0,WEEK,250g,[],https://courses.monoprix.fr/images-v3/0c44253f-c4a3-4340-9d37-d41e42b9d14a/d0289307-9c03-40cf-bf41-bd9c38fcf451/300x300.jpg
Nos sélections,c15ba305-2788-4a41-935a-c7d5be4668e7,MPX_3417809,Le Gaulois Nuggets Extra Croustillant 200G,2.69,13.45,"['Boucherie et Volaille', 'Volaille', 'Cordons bleus, nuggets et grignottes']",Le Gaulois,True,False,false,1.0,WEEK,200g,[],https://courses.monoprix.fr/images-v3/0c44253f-c4a3-4340-9d37-d41e42b9d14a/06484d89-fa5b-4d82-a283-a64a4545ceca/300x300.jpg
Nos sélections,e38ec89d-1de0-4b71-816c-4f9d6e752431,MPX_3177903,Monoprix Bio pavés de Saumon avec peau 200g,9.59,47.95,"['Nos sélections', 'Inspiration du moment', '& Frigo vide', 'Surgelés']",Monoprix Bio,True,False,false,6.0,MONTH,200g,"['Produit congelé', 'Produit bio']",https://courses.monoprix.fr/images-v3/0c44253f-c4a3-4340-9d37-d41e42b9d14a/e41b503c-c5ce-4c62-badf-394bfbd9d694/300x300.jpg
Nos sélections,67ac1a50-6954-42c4-857b-09287d1b172b,MPX_3268984,Mutti Parma Tomates Pelées 100% Bio 400G,1.75,4.38,"['Bio', 'Epicerie salée bio', 'Conserve bio']",Mutti,True,False,false,1.0,YEAR,400g,"['Produit végétarien', 'Produit vegan', 'Produit bio']",https://courses.monoprix.fr/images-v3/0c44253f-c4a3-4340-9d37-d41e42b9d14a/e6ac3f2e-05d8-49fd-bb72-593c3d7d9e03/300x300.jpg
Nos sélections,7fa87c6f-24a1-4d17-8c96-a3f18cbfe65d,MPX_2306059,Innocent Jus Ananas et Fruit de la Passion 900ml,3.29,3.66,"['Fruits & Légumes', 'Jus Frais & Smoothies', 'Autres Jus de Fruits']",Innocent,True,False,false,1.0,WEEK,900ml,[],https://courses.monoprix.fr/images-v3/0c44253f-c4a3-4340-9d37-d41e42b9d14a/d1c1cda3-a5f4-4252-98fe-576806bba394/300x300.jpg
Nos sélections,caabb923-d17d-4ae2-9579-b79b19114bc2,MPX_888690,Citterio Mortadelle de Bologne IGP 150g,3.59,23.93,"['Produits du monde', 'Italie - Italia', 'Mortadelle, Saucisson et Jambon cru']",CITTERIO FRANCE,True,False,false,2.0,WEEK,150g,[],https://courses.monoprix.fr/images-v3/0c44253f-c4a3-4340-9d37-d41e42b9d14a/e24800b2-32ee-4485-ab20-d6310e303d53/300x300.jpg
Nos sélections,dd301473-4bb0-4c3d-b8ed-989a623c4b35,MPX_1468618,Monoprix Jambon Sec 120g,3.39,28.25,"['Charcuterie et Traiteur', 'Charcuterie', 'Jambon cru']",Monoprix,True,False,false,1.0,MONTH,120g,[],https://courses.monoprix.fr/images-v3/0c44253f-c4a3-4340-9d37-d41e42b9d14a/e99f4c09-e49d-41d3-9e4c-0026df7a9bbc/300x300.jpg
Nos sélections,40406637-84e2-4645-be7c-79adbbf37049,MPX_1559544,Monoprix Gourmet ossau iraty AOP 180g,4.09,22.72,"['Noël', 'Les Pépites de Monoprix pour Noël', 'Les essentiels Monoprix Gourmet']",Monoprix Gourmet,True,False,false,2.0,WEEK,180g,[],https://courses.monoprix.fr/images-v3/0c44253f-c4a3-4340-9d37-d41e42b9d14a/7e824aa9-d0eb-48b6-8fde-92ed7880482b/300x300.jpg
Nos sélections,37300ad7-b82c-45ad-976d-194dc5bca467,MPX_3648534,Monoprix Bio Farine De Blé Type 65 1Kg,1.69,1.69,"['Bio', 'Epicerie sucrée bio', 'Farine bio']",Monoprix Bio,True,False,false,2.0,MONTH,1kg,['Produit bio'],https://courses.monoprix.fr/images-v3/0c44253f-c4a3-4340-9d37-d41e42b9d14a/8ee00475-5430-49c0-9286-95ba3e1fba72/300x300.jpg
Nos sélections,45d684d0-0019-46b1-91ef-0c28dcd92580,MPX_1815738,Monoprix Fromage blanc 3% nature 8x100g,2.45,3.06,"['Nos sélections', 'Inspiration du moment', 'Nos coups de coeur Origine France']",Monoprix,True,False,false,1.0,WEEK,8 x 100g,[],https://courses.monoprix.fr/images-v3/0c44253f-c4a3-4340-9d37-d41e42b9d14a/2f5ab92c-968a-4b17-a58c-c79af194828a/300x300.jpg
Nos sélections,a4aad8bc-7389-43d6-9eeb-f067b072581d,MPX_1245238,"Monoprix Bio Fromage Blanc 3,2% 4x100g",2.05,5.13,"['Bio', 'Crèmerie bio', 'Yaourt bio']",Monoprix Bio,True,False,false,1.0,WEEK,4 x 100g,['Produit bio'],https://courses.monoprix.fr/images-v3/0c44253f-c4a3-4340-9d37-d41e42b9d14a/a12dfc7a-c301-4672-937a-f0aeb8a43f1d/300x300.jpg
Nos sélections,73119b12-27c8-4721-8376-6555e82471db,MPX_2443043,Monoprix Eau minérale des Alpes 6x50cl,1.99,0.66,"['Bébé', 'Alimentation bébé', 'Eau']",Monoprix,True,False,false,1.0,MONTH,6 x 50cl,[],https://courses.monoprix.fr/images-v3/0c44253f-c4a3-4340-9d37-d41e42b9d14a/ef3c1d26-9291-4e70-956c-bed97fea3e4c/300x300.jpg
Nos sélections,ec462d3d-96b9-485d-a10a-d6112d0bf919,MPX_1951661,Florette purée de pommes de terre 2x200g,3.49,8.73,"['Fruits & Légumes', 'Soupes & Purées', 'Purées Fraîches']",Florette,True,False,false,1.0,WEEK,2 x 200g,[],https://courses.monoprix.fr/images-v3/0c44253f-c4a3-4340-9d37-d41e42b9d14a/12a6a2d1-e049-42e7-ade5-543a0e193101/300x300.jpg
Nos sélections,1b488105-72e3-4a19-9aed-46ebf24fa34e,MPX_164831,Monoprix Cuillers Biscuits pâtissiers aux oeufs frais 125g,1.99,15.92,"['Nos sélections', 'Inspiration du moment', 'Nos coups de coeur Origine France']",Monoprix,True,False,false,1.0,MONTH,125g,[],https://courses.monoprix.fr/images-v3/0c44253f-c4a3-4340-9d37-d41e42b9d14a/2a258ead-a33a-4a62-9f95-099ffa60f74e/300x300.jpg
Nos sélections,12997670-ce56-4e17-8066-e72293412b58,MPX_1180336,Monoprix Bio Jambon Supérieur 160G X4,6.15,38.44,"['Charcuterie et Traiteur', 'Charcuterie', 'Jambon blanc']",Monoprix Bio,True,False,false,1.0,WEEK,160g,['Produit bio'],https://courses.monoprix.fr/images-v3/0c44253f-c4a3-4340-9d37-d41e42b9d14a/c820cc0e-5f6d-464d-b758-5ebc637cdc8e/300x300.jpg
Nos sélections,4e78c24e-3062-4037-b305-985c22897831,MPX_875683,Monoprix Pommes noisettes préfrites surgelées 350g,1.49,4.26,"['Nos sélections', 'Inspiration du moment', '& Barbecue', 'Surgelé']",Monoprix,True,False,false,6.0,MONTH,350g,['Produit congelé'],https://courses.monoprix.fr/images-v3/0c44253f-c4a3-4340-9d37-d41e42b9d14a/25e422f5-b099-4ade-b4e5-ee7ec0668eec/300x300.jpg
Nos sélections,d97b5337-34c1-47c5-b1f8-74905197c878,MPX_4246667,Monoprix Viande Hachée De Bœuf Façon Bouchère 15% Mg 350G,5.29,15.11,"['Boucherie et Volaille', 'Boucherie', 'Viandes hachées et farces']",Monoprix,True,False,false,2.0,DAY,350g,[],https://courses.monoprix.fr/images-v3/0c44253f-c4a3-4340-9d37-d41e42b9d14a/9bc73123-cbd1-4702-abf8-8d054f7c92dd/300x300.jpg
Nos sélections,fc651355-49a3-4a7d-bb4e-43241d5f6258,MPX_5364449,Monoprix brocolis en fleurettes surgelés 900g,2.49,2.77,"['Nos sélections', 'Inspiration du moment', '& Tout pour une bonne soupe', 'Soupe à faire soi-même']",Monoprix,True,False,false,6.0,MONTH,900g,['Produit congelé'],https://courses.monoprix.fr/images-v3/0c44253f-c4a3-4340-9d37-d41e42b9d14a/952fa20a-41ce-4684-ab55-02b80cd7446e/300x300.jpg
Nos sélections,0d55b8cf-429f-44ea-9ee0-fcdbd671ce30,MPX_123280,"Monoprix Fromage blanc 2,8% de matière grasse 1kg",2.39,2.39,"['Nos sélections', 'Inspiration du moment', '& Sélection gros formats', 'Crèmerie']",Monoprix,True,False,false,1.0,WEEK,1kg,[],https://courses.monoprix.fr/images-v3/0c44253f-c4a3-4340-9d37-d41e42b9d14a/77507f39-98d2-44df-8537-2289c19c5dce/300x300.jpg
Nos sélections,54624c0e-4f55-45c9-945d-f1a45d77691a,MPX_3380248,Monoprix Barquettes Moelleuses Choco-Noisettes 120g,0.99,8.25,"['Nos sélections', 'Boutique Enfants', 'Pour le goûter de vos enfants', 'Biscuit et Goûter']",Monoprix,True,False,false,1.0,MONTH,120g,[],https://courses.monoprix.fr/images-v3/0c44253f-c4a3-4340-9d37-d41e42b9d14a/de6e1460-9adb-426e-b01e-de54e81dd13c/300x300.jpg
Nos sélections,be246aba-f7b9-4a26-9ca1-6126fdbe7761,MPX_4276293,Herta Allumettes Fumés Sans Nitrite 2x75g,3.15,21.0,"['Charcuterie et Traiteur', 'Charcuterie', 'Lardons, Dés et Poitrine', 'Lardon et Allumette']",Herta,True,False,false,1.0,WEEK,2 x 75g,[],https://courses.monoprix.fr/images-v3/0c44253f-c4a3-4340-9d37-d41e42b9d14a/72afbb87-4719-4038-ac37-3c348e9d08a9/300x300.jpg
Nos sélections,edfe1742-66ba-4d8c-8b14-10ffd418e898,MPX_3487748,Nature Valley Barre De Céréales Protein Cacahuètes & Chocolat 40G,3.99,24.94,"['Nos sélections', 'Inspiration du moment', '& Kit du supporter', 'ENCAS']",Nature Valley,True,False,false,2.0,MONTH,160g,['Produit casher'],https://courses.monoprix.fr/images-v3/0c44253f-c4a3-4340-9d37-d41e42b9d14a/772dc3d8-09b0-460f-b8d5-d87dbfd7760d/300x300.jpg
Nos sélections,8789c656-2fe4-4bb2-b9ca-9527b1d9d5e4,MPX_1689804,Monoprix Fromage au lait de chèvre pasteurisé 200g,1.99,9.95,"['Nos sélections', 'Inspiration du moment', '& Frigo vide', 'Produits laitiers et Œufs']",Monoprix,True,False,false,1.0,WEEK,200g,[],https://courses.monoprix.fr/images-v3/0c44253f-c4a3-4340-9d37-d41e42b9d14a/5b0df030-d007-4a5b-85af-b192f76d1fbc/300x300.jpg
Nos sélections,eb90a590-bac9-4d91-ac2e-c3bed37b4e88,MPX_1400562,Monoprix Cotons Disques Duo X70,1.29,1.29,"['Hygiène & Beauté', 'Papiers toilette, Mouchoirs et Cotons', 'Cotons']",Monoprix,True,False,false,,,,[],https://courses.monoprix.fr/images-v3/0c44253f-c4a3-4340-9d37-d41e42b9d14a/851b8118-b70a-45a8-9d39-3d06cbc09f2f/300x300.jpg
Nos sélections,da75de24-8aee-4fb5-89b3-1c95c10261e8,MPX_3635642,Monoprix Oeufs de poules élevées en plein air x4,1.45,0.36,"['Nos sélections', 'Inspiration du moment', 'Nos coups de coeur Origine France']",Monoprix,True,False,false,1.0,WEEK,4 par pack,[],https://courses.monoprix.fr/images-v3/0c44253f-c4a3-4340-9d37-d41e42b9d14a/678bba92-6cdb-4be6-afce-87e85ac1b4ba/300x300.jpg
Nos sélections,c8daf315-e5d4-4f56-83fd-16153b4b8e8f,MPX_123285,Monoprix Emmental français râpé 100g,0.99,9.9,"['Nos sélections', 'Inspiration du moment', '& Frigo vide', 'Produits laitiers et Œufs']",Monoprix,True,False,false,3.0,WEEK,100g,[],https://courses.monoprix.fr/images-v3/0c44253f-c4a3-4340-9d37-d41e42b9d14a/4d2d5f7d-c5e2-4ff4-908c-e6acd0ad0d6c/300x300.jpg
Nos sélections,68487921-68ab-43e7-9eb4-737c8a87abc6,MPX_1951657,Florette purée de carottes sans additif 2x200g,3.49,8.73,"['Fruits & Légumes', 'Soupes & Purées', 'Purées Fraîches']",Florette,True,False,false,1.0,WEEK,2 x 200g,[],https://courses.monoprix.fr/images-v3/0c44253f-c4a3-4340-9d37-d41e42b9d14a/a52ed742-01b2-4874-8c88-f49de40d71f7/300x300.jpg
Nos sélections,16e2befd-15d0-40e1-ba42-f3d83ad34f6a,MPX_1539842,Tyrrell's chips au sel et vinaigre 150g,3.95,26.33,"['Epicerie Salée', 'Produit apéritif', 'Chips et Biscuit Apéritif', 'Chips']",Tyrrell's,True,False,false,1.0,MONTH,150g,[],https://courses.monoprix.fr/images-v3/0c44253f-c4a3-4340-9d37-d41e42b9d14a/19c58bc6-9711-45f0-9b5b-f0629ba9e8ed/300x300.jpg
Nos sélections,4730d959-b781-4818-b94e-43780afff316,MPX_799422,Monoprix 4 Muffins Blancs Recette Anglaise 250g,2.29,9.16,"['Nos sélections', 'Inspiration du moment', '& Notre sélection brunch', 'Pains']",Monoprix,True,False,false,1.0,WEEK,250g,[],https://courses.monoprix.fr/images-v3/0c44253f-c4a3-4340-9d37-d41e42b9d14a/8ea713d8-d43f-418c-b7dc-249969fdea65/300x300.jpg
Nos sélections,b16dc141-a93f-4989-aead-38b97996c4ff,MPX_1878149,"Pomme Gala 1,5Kg Catégorie 1",3.49,2.33,"['Fruits & Légumes', 'Fruits Frais', 'Pommes, Poires et Raisins', 'Pomme']",-,True,False,false,3.0,DAY,1.5kg,[],https://courses.monoprix.fr/images-v3/0c44253f-c4a3-4340-9d37-d41e42b9d14a/9e60efeb-7c43-4315-8245-f638d725a3d0/300x300.jpg
Nos sélections,96103592-0145-4871-8530-977b35956c6d,MPX_654538,Monoprix Haricots verts extra-fins surgelés 1kg,2.29,2.29,"['Nos sélections', 'Inspiration du moment', '& Sélection gros formats', 'Surgelés']",Monoprix,True,False,false,6.0,MONTH,1kg,['Produit congelé'],https://courses.monoprix.fr/images-v3/0c44253f-c4a3-4340-9d37-d41e42b9d14a/37d29c22-5bd1-4e5d-b35c-f5b9873d4793/300x300.jpg
Nos sélections,c320b8b1-31e3-416c-990e-beb294e75535,MPX_3209161,Monoprix Sardines à l'Huile d'Olive Vierge Extra 87g,1.79,20.57,"['Nos sélections', 'Inspiration du moment', '& Tout pour faire sa salade', 'Produits de la mer']",Monoprix,True,False,false,1.0,YEAR,87g,[],https://courses.monoprix.fr/images-v3/0c44253f-c4a3-4340-9d37-d41e42b9d14a/b4e1af9c-7ef7-4c01-8256-e02557e409b5/300x300.jpg
Nos sélections,69e140ae-4892-4afe-9496-cdc9f43da1f3,MPX_100659,Le Saunier de Camargue Fleur de sel boite ronde 125g,3.59,28.72,"['Nos sélections', 'Inspiration du moment', '& Barbecue', 'Sauce et Assaisonnement']",Le saulnier de camargue,True,False,false,,,125g,[],https://courses.monoprix.fr/images-v3/0c44253f-c4a3-4340-9d37-d41e42b9d14a/e29a8cdf-c62d-4f66-96e7-bacf8d0fd89a/300x300.jpg
Nos sélections,06a6c6f2-af55-4705-b1d0-514bee910c9a,MPX_2699947,Monoprix Bio Boisson à l'Avoine Sans Sucres Ajoutés 1L,2.69,2.69,"['Bio', 'Boisson et Cave bio', 'Boisson végétale bio']",Monoprix Bio,True,False,false,2.0,MONTH,1L,['Produit bio'],https://courses.monoprix.fr/images-v3/0c44253f-c4a3-4340-9d37-d41e42b9d14a/3562d637-a1ec-4e12-91ec-f7ea15ecdb98/300x300.jpg
Nos sélections,c2d3b0b6-52ff-4047-a1b4-07a02be0b75d,MPX_2687031,Monoprix Bio Flocons d'avoine céréales complètes 500g,2.15,4.3,"['Epicerie Sucrée', 'Céréale et Barre', 'Céréale et Barre bio']",Monoprix Bio,True,False,false,2.0,MONTH,500g,['Produit bio'],https://courses.monoprix.fr/images-v3/0c44253f-c4a3-4340-9d37-d41e42b9d14a/0825c9bf-8ff2-4089-9969-95050289f8f0/300x300.jpg
Nos sélections,7119cd8d-34e8-4cbb-833a-6421cb884ed0,MPX_1252931,Monoprix Gourmet Billes di Bufala Campana AOP 125g,2.49,19.92,"['Produits Laitiers, Œufs et Fromages', 'Fromages à cuisiner, raclettes et apéritifs', 'Mozza, Feta et Burrata']",Monoprix Gourmet,True,False,false,1.0,WEEK,125g,[],https://courses.monoprix.fr/images-v3/0c44253f-c4a3-4340-9d37-d41e42b9d14a/df1f6dad-bafa-49a8-9d64-253104a774a6/300x300.jpg
Nos sélections,75633edf-a2d0-4c7e-8e86-7fad0ef71efb,MPX_1044904,"Monoprix Cocktail gourmand noix de cajou, amandes & noix de pécan 100g",2.69,26.9,"['Epicerie Sucrée', 'Céréale et Barre', 'Fruits Secs et Graines', 'Amandes, Noix et Autres Fruits à Coques']",Monoprix,True,False,false,1.0,MONTH,100g,[],https://courses.monoprix.fr/images-v3/0c44253f-c4a3-4340-9d37-d41e42b9d14a/b8bdd58e-4b0d-4adf-9d3a-1b5453ffbb2b/300x300.jpg
Nos sélections,99157b43-547b-4c88-935a-6c22d968dd03,MPX_2899577,Monoprix Bio Comté Râpé au Lait Cru 100g,2.65,26.5,"['Bio', 'Crèmerie bio', 'Fromage bio']",Monoprix Bio,True,False,false,2.0,WEEK,100g,['Produit bio'],https://courses.monoprix.fr/images-v3/0c44253f-c4a3-4340-9d37-d41e42b9d14a/5cea3d70-85c7-4190-9741-937c813924c2/300x300.jpg
Nos sélections,cde08fba-d307-4d79-b61d-4d670e508803,MPX_4199219,Monoprix Blanc de Poulet 6 tranches 240g,2.39,9.96,"['Charcuterie et Traiteur', 'Charcuterie', 'Charcuterie de volaille', 'Blanc de volaille']",Monoprix,True,False,false,1.0,WEEK,240g,[],https://courses.monoprix.fr/images-v3/0c44253f-c4a3-4340-9d37-d41e42b9d14a/acf7c6a7-731e-46ad-9fec-21adc43ed6cc/300x300.jpg
Nos sélections,2483e94f-3cd8-4079-91ba-5436454dad43,MPX_2924394,La Fournée Dorée Gâche tranchée au beurre et crème 500g,3.19,6.38,"['Pain et Viennoiserie', 'Pain au lait et Brioche', 'Gâche et Navette']",La fournee doree,True,False,false,1.0,WEEK,500g,['Produit vegan'],https://courses.monoprix.fr/images-v3/0c44253f-c4a3-4340-9d37-d41e42b9d14a/37e1cfa2-c0e5-4520-bec8-593f0d91f31b/300x300.jpg
Nos sélections,44a80782-09fe-4f08-917a-749d31d93506,MPX_4112285,Coca-Cola Coca-Cola 6x33cl,4.45,2.25,"['Nos sélections', 'Nos marques du moment', ""Promogaming Fin d'année 2024""]",Coca-Cola,True,False,false,1.0,MONTH,6 x 33cl,[],https://courses.monoprix.fr/images-v3/0c44253f-c4a3-4340-9d37-d41e42b9d14a/345dee11-46fe-4310-abca-757fa88c044c/300x300.jpg
Nos sélections,a0f98ade-7167-4770-b16d-5c7e6770c697,MPX_723483,Monoprix Fromage blanc 0% nature 4x100g,1.39,3.48,"['Nos sélections', 'Inspiration du moment', 'Nos coups de coeur Origine France']",Monoprix,True,False,false,1.0,WEEK,4 x 100g,[],https://courses.monoprix.fr/images-v3/0c44253f-c4a3-4340-9d37-d41e42b9d14a/80b1e92d-dc7f-489c-afa8-c167793ddaca/300x300.jpg
Nos sélections,a6657331-3039-4c50-a897-41ccaa488157,MPX_2049135,Monoprix Pizza Margherita Surgelée 350G,2.39,6.83,"['Nos sélections', 'Inspiration du moment', '& Frigo vide', 'Surgelés']",Monoprix,True,False,false,2.0,MONTH,350g,['Produit congelé'],https://courses.monoprix.fr/images-v3/0c44253f-c4a3-4340-9d37-d41e42b9d14a/ddcd0d40-e6b3-4ff7-b354-dc752382f1c7/300x300.jpg
Nos sélections,9fc06a48-bf99-4108-b547-3af30dccb8fa,MPX_3034109,Champignon Blanc Éminces 200g,2.8,14.0,"['Fruits & Légumes', 'Légumes Frais', 'Champignons']",Monoprix,True,False,false,1.0,DAY,200g,[],https://courses.monoprix.fr/images-v3/0c44253f-c4a3-4340-9d37-d41e42b9d14a/b831ffca-2015-41fe-85dc-2fc29c32644a/300x300.jpg
Nos sélections,17e472e5-f92b-41ac-b069-ab00c14a3f4e,MPX_2339284,Rummo Spaghetti n°3 500g,2.49,4.98,"['Produits du monde', 'Italie - Italia', 'Pâtes, Riz et Risotto']",Rummo,True,False,false,1.0,YEAR,500g,[],https://courses.monoprix.fr/images-v3/0c44253f-c4a3-4340-9d37-d41e42b9d14a/b3c3e341-eb77-4edc-9708-47a05cf4ba4a/300x300.jpg
Nos sélections,5925cfa7-0777-4bea-a224-879620a00a75,MPX_3513652,Nutella Ferrero Biscuits 304g,3.75,12.34,"['Nos sélections', 'Boutique Enfants', 'Pour le goûter de vos enfants', 'Biscuit et Goûter']",Nutella,True,False,false,1.0,MONTH,304g,[],https://courses.monoprix.fr/images-v3/0c44253f-c4a3-4340-9d37-d41e42b9d14a/4749ebf5-63e2-4098-b366-75a5a058b817/300x300.jpg
Nos sélections,9e020017-c41a-48e6-9b15-d60f2abdf36e,MPX_969476,Monoprix Petits Beurre Croustillants avec Tablette de Chocolat au Lait 150g,1.75,11.67,"['Nos sélections', 'Boutique Enfants', 'Pour le goûter de vos enfants', 'Biscuit et Goûter']",Monoprix,True,False,false,2.0,MONTH,150g,[],https://courses.monoprix.fr/images-v3/0c44253f-c4a3-4340-9d37-d41e42b9d14a/f0b67595-5c2f-4cbd-9822-e737098c9f92/300x300.jpg
Nos sélections,bdbedec8-2246-4654-a6fb-15e07253e1b5,MPX_4206155,Carotte botte - 1 pièce,4.25,4.25,"['Fruits & Légumes', 'Légumes Frais', 'Pommes de terre et Carottes', 'Carotte']",Natoora,True,False,false,1.0,WEEK,,[],https://courses.monoprix.fr/images-v3/0c44253f-c4a3-4340-9d37-d41e42b9d14a/57fd7fc1-d213-4bc9-845a-89a1e8ca59ca/300x300.jpg
Nos sélections,475cbdaa-7986-48b0-963b-66cd461ab667,MPX_1348,Oasis Boisson aux Fruits Tropical 2l,2.59,1.3,"['Nos sélections', 'Inspiration du moment', '& Sélection gros formats', 'Boissons']",Oasis,True,False,false,1.0,MONTH,2L,[],https://courses.monoprix.fr/images-v3/0c44253f-c4a3-4340-9d37-d41e42b9d14a/14e31e72-3fda-4cca-9247-facff20efaed/300x300.jpg
Nos sélections,70272bdd-ed52-4d4c-b422-d353c7e9728c,MPX_3729172,Monoprix Monoprix Toulouse Filiere X2 250G,3.19,12.76,"['Nos sélections', 'Inspiration du moment', '& Barbecue', 'Boucherie et Volaille']",Monoprix,True,False,false,3.0,DAY,250g,[],https://courses.monoprix.fr/images-v3/0c44253f-c4a3-4340-9d37-d41e42b9d14a/b1787049-0415-409f-aa46-83f76c6f4f47/300x300.jpg
Nos sélections,92f45ec0-2b0f-4155-8888-bdb7cfbf66d4,MPX_1962368,Monoprix riz thaï naturellement parfumé 1kg,1.99,1.99,"['Nos recettes', 'Recettes du Monde', '& Khao phat de phuket']",Monoprix,True,False,false,6.0,MONTH,1kg,[],https://courses.monoprix.fr/images-v3/0c44253f-c4a3-4340-9d37-d41e42b9d14a/03bab5fa-186e-4888-a351-9e42a5dc8b3d/300x300.jpg
Nos sélections,8cd83594-7ca9-414c-869e-a06e3f00583a,MPX_3513801,Siggi's Skyr 2% Mg Myrtille 2x140g,3.09,11.04,"['Nos sélections', 'Inspiration du moment', '& Sélection petit déjeuner', 'Produits laitiers et œufs']",Siggi's,True,False,false,1.0,WEEK,2 x 140g,[],https://courses.monoprix.fr/images-v3/0c44253f-c4a3-4340-9d37-d41e42b9d14a/ab1b82b6-1cf0-44ff-b8ea-69d319b0b8fa/300x300.jpg
Nos sélections,5a1923e8-6b99-4581-ae0c-f16fd338286f,MPX_2612089,Monoprix Crème Légère Semi-Épaisse 18% MG 3x20cl,2.75,4.58,"['Produits Laitiers, Œufs et Fromages', 'Crèmes et Chantilly', 'Crème longue conservation']",Monoprix,True,False,false,1.0,MONTH,3 x 20cl,[],https://courses.monoprix.fr/images-v3/0c44253f-c4a3-4340-9d37-d41e42b9d14a/67adfdae-1530-446d-b2ca-eb69d13c1149/300x300.jpg
Nos sélections,ada66477-e8f8-4574-85b4-fbae889f1291,MPX_127265,Monoprix Coquillettes Qualité Supérieure 500g,0.85,1.7,"['Epicerie Salée', 'Pâte, Riz, Céréale et Purée', 'Pâtes', 'Pâtes courtes']",Monoprix,True,False,false,1.0,YEAR,500g,[],https://courses.monoprix.fr/images-v3/0c44253f-c4a3-4340-9d37-d41e42b9d14a/84663132-bd6b-441a-9ff5-102f4a019ab9/300x300.jpg
Nos sélections,dd0569d0-c1eb-4910-8860-ab60e219ec28,MPX_3510986,Monoprix Pois chiches prêts à l'emploi 530g,1.49,2.81,"['Nos recettes', 'Recettes du Monde', ""& Chakchouka d'hiver aux épinars fenouil et pois chiches""]",Monoprix,True,False,false,1.0,YEAR,530g,[],https://courses.monoprix.fr/images-v3/0c44253f-c4a3-4340-9d37-d41e42b9d14a/bd0d26f2-1e65-4f94-8e64-8f9ff3b58b62/300x300.jpg
Nos sélections,745d7941-36e4-4f5d-94e4-93f6cb0194be,MPX_640,Maille Cornichons Extra-Fins L'Original Bocal 220g,2.75,12.5,"['Nos sélections', 'Inspiration du moment', '& Fondus de la raclette', 'Légumes Frais & Condiments']",Maille,True,False,false,2.0,MONTH,220g,[],https://courses.monoprix.fr/images-v3/0c44253f-c4a3-4340-9d37-d41e42b9d14a/e85f019f-9147-467f-8da6-dcd77a640246/300x300.jpg
Nos sélections,93539ddc-9b7d-4223-bff4-7d2177b296d5,MPX_2321346,Monoprix Bio Endive Sachet 400G,4.99,12.48,"['Bio', 'Fruit et Légume bio', 'Légume frais bio']",Monoprix Bio,True,False,false,2.0,DAY,400g,['Produit bio'],https://courses.monoprix.fr/images-v3/0c44253f-c4a3-4340-9d37-d41e42b9d14a/8240b971-0401-4df4-87da-914069e12089/300x300.jpg
Nos sélections,30b5a2a4-11fc-49d5-a78c-4e8a767520a4,MPX_1037994,Cassegrain Lentilles Préparées Sélection Tendres Et Fondantes 265G,1.99,7.51,"['Epicerie Salée', 'Conserve', 'Plat cuisiné en conserve']",Cassegrain,True,False,false,1.0,YEAR,265g,[],https://courses.monoprix.fr/images-v3/0c44253f-c4a3-4340-9d37-d41e42b9d14a/d0ceebe9-3539-4569-b049-bcd9f5c31e0d/300x300.jpg
Nos sélections,ed19313b-fc6b-49a3-927b-a2a03687df30,MPX_2455142,Lu Prince Biscuits fourrés au Chocolat Blé Complet 2x300g,3.59,5.98,"['Nos sélections', 'Inspiration du moment', '& Sélection gros formats', 'Epicerie salée et sucrée']",Prince,True,False,false,2.0,MONTH,2 x 300g,[],https://courses.monoprix.fr/images-v3/0c44253f-c4a3-4340-9d37-d41e42b9d14a/11a47513-a797-4e25-9c7d-cae52ad6c571/300x300.jpg
Nos sélections,98c62411-0e32-4252-bed3-5b9e1f6af987,MPX_1688221,Monoprix Gourmet Feta Affinée en Fût 200g,4.29,21.45,"['Nos sélections', 'Inspiration du moment', '& Les produits méditerranéens', 'Fromages']",Monoprix Gourmet,True,False,false,1.0,MONTH,200g,[],https://courses.monoprix.fr/images-v3/0c44253f-c4a3-4340-9d37-d41e42b9d14a/6db8e94a-b6bb-4ad8-b6a0-46080376aa5e/300x300.jpg
Nos sélections,8a0616f4-d825-4b2a-ad1c-3d215e97276c,MPX_1525572,Monoprix bio steaks haché bio 2x125g,5.49,21.96,"['Bio', 'Boucherie et Volaille bio', 'Boucherie bio']",Monoprix Bio,True,False,false,2.0,DAY,2 x 125g,['Produit bio'],https://courses.monoprix.fr/images-v3/0c44253f-c4a3-4340-9d37-d41e42b9d14a/71318382-3dc9-4cde-85f0-63cc15917746/300x300.jpg
Nos sélections,00c7a0ee-ae62-40df-849a-74f792730811,MPX_2158196,Monoprix Gourmet Saucisses de Montbéliard fumées et cuites 250g,8.49,33.96,"['Nos sélections', 'Inspiration du moment', '& Barbecue', 'Boucherie et Volaille']",Monoprix Gourmet,True,False,false,2.0,WEEK,250g,[],https://courses.monoprix.fr/images-v3/0c44253f-c4a3-4340-9d37-d41e42b9d14a/c9165367-11a4-485a-b415-7aba96b486d3/300x300.jpg
Nos sélections,4140cb01-4196-4b1f-bd5b-65a873fc9a5d,MPX_1802471,Monoprix Galettes Bretonnes Pur Beurre 125g,0.89,7.12,"['Mes marques Monoprix', 'Ça vaut le coût !']",Monoprix,True,False,false,2.0,MONTH,125g,[],https://courses.monoprix.fr/images-v3/0c44253f-c4a3-4340-9d37-d41e42b9d14a/001a551d-146e-43e7-9754-462f2cb8ceca/300x300.jpg
Nos sélections,fe27b89a-68f7-4480-bff0-f56be2d0ce41,MPX_2738543,Monoprix filets de poulet x4 le paquet de 560g,8.95,15.99,"['Boucherie et Volaille', 'Volaille', 'Poulet']",Monoprix,True,False,false,4.0,DAY,560,[],https://courses.monoprix.fr/images-v3/0c44253f-c4a3-4340-9d37-d41e42b9d14a/cecdb3ce-fecb-494b-9261-6f24bab3aa52/300x300.jpg
Nos sélections,d36e6121-3fcb-497c-aa28-f934474428f2,MPX_3379271,"Monoprix Eau gazeuse finement pétillante Puits St Georges 4x1,25L",1.69,0.34,"['Boissons et Lait', 'Eau', 'Eau gazeuse']",Monoprix,True,False,false,1.0,MONTH,4 x 1.25L,[],https://courses.monoprix.fr/images-v3/0c44253f-c4a3-4340-9d37-d41e42b9d14a/7a348f0d-56f7-4410-9a0a-5c946ebb03f7/300x300.jpg
Nos sélections,469aa329-4584-4f22-8b46-9f7d79c73537,MPX_960610,"Monoprix Amandes grillées et salées, goût fumé 75g",2.09,27.87,"['Epicerie Salée', 'Produit apéritif', 'Cacahuète, Noix, Amande et Pistache', 'Amande et Pistache']",Monoprix,True,False,false,1.0,MONTH,75g,[],https://courses.monoprix.fr/images-v3/0c44253f-c4a3-4340-9d37-d41e42b9d14a/1197438a-b145-4cb6-95be-583bdea41119/300x300.jpg
Nos sélections,91055a02-edea-4650-955c-6131e06e1f2f,MPX_2483542,Liebig PurSoup' Velouté de 10 légumes 1L,2.35,2.35,"['Nos sélections', 'Nos marques du moment', 'La course aux étoiles chez Monoprix']",Liebig,True,False,false,6.0,MONTH,1L,[],https://courses.monoprix.fr/images-v3/0c44253f-c4a3-4340-9d37-d41e42b9d14a/89992c5e-7117-4293-825a-6edaa3154078/300x300.jpg
Nos sélections,463ab5b0-f6c7-4840-acaf-052a211ee5cd,MPX_801692,Monoprix Pois Chiches 265g,0.89,3.36,"['Nos recettes', 'Recettes du Monde', ""& Chakchouka d'hiver aux épinars fenouil et pois chiches""]",Monoprix,True,False,false,1.0,YEAR,265g,[],https://courses.monoprix.fr/images-v3/0c44253f-c4a3-4340-9d37-d41e42b9d14a/175a2bc7-1137-4817-8f5d-782fdd6b4a12/300x300.jpg
Nos sélections,835d0716-767a-49e5-a316-568eb82a1d73,MPX_2587058,Monoprix Bio Gnocchi à poêler bio 300g,3.55,11.83,"['Nos sélections', 'Inspiration du moment', '& Frigo vide', 'Traiteur']",Monoprix Bio,True,False,false,1.0,WEEK,300g,['Produit bio'],https://courses.monoprix.fr/images-v3/0c44253f-c4a3-4340-9d37-d41e42b9d14a/36944d4c-4891-4ffc-836f-9b8628130671/300x300.jpg
Nos sélections,baf1f221-1b56-470f-8656-d0230110c583,MPX_3987627,Natoora Concombre Lisse - 500/600gr - 1 pièce,2.99,2.99,"['Fruits & Légumes', 'Légumes Frais', 'Avocats, Concombres et Radis', 'Concombre']",Natoora,True,False,false,4.0,DAY,,[],https://courses.monoprix.fr/images-v3/0c44253f-c4a3-4340-9d37-d41e42b9d14a/e944c374-7b9f-405a-97f7-76bb31f8902f/300x300.jpg
Nos sélections,0cad2518-3603-4560-b301-92a8017bac5b,MPX_3243533,"Nature Valley Barres Croquantes Cacahuètes, Amandes Et Pépites De Chocolat Noir 30G",3.79,25.27,"['Nos sélections', 'Inspiration du moment', '& Kit du supporter', 'ENCAS']",Nature Valley,True,False,false,2.0,MONTH,150g,['Produit casher'],https://courses.monoprix.fr/images-v3/0c44253f-c4a3-4340-9d37-d41e42b9d14a/66621f7b-dba1-4375-bf46-53133a095d93/300x300.jpg
Nos sélections,a7487161-4ab7-4cca-9d4f-73559f6aa09d,MPX_1455028,Monoprix Houmous 175g,1.99,11.37,"['Produits du monde', 'Oriental', 'Sauce, base culinaire et condiments']",Monoprix,True,False,false,1.0,WEEK,175g,[],https://courses.monoprix.fr/images-v3/0c44253f-c4a3-4340-9d37-d41e42b9d14a/5244dfff-0a0f-45c1-9c99-76f92f67589f/300x300.jpg
Nos sélections,44e8cbab-b2e9-4f0a-a163-2f72c3f0ed72,MPX_4112301,Coca-cola original canettes 12x33cl,8.19,2.07,"['Nos sélections', 'Inspiration du moment', '& Sélection gros formats', 'Boissons']",Coca-Cola,True,False,false,2.0,MONTH,12 x 33cl,[],https://courses.monoprix.fr/images-v3/0c44253f-c4a3-4340-9d37-d41e42b9d14a/63281ed6-72a7-4b73-81d7-7950df1469f0/300x300.jpg
Nos sélections,da56ddd0-e58c-4651-8062-24d9205c38b6,MPX_3955113,Bonduelle maïs sans sucres ajoutés bio 2x140g,2.59,9.25,"['Bio', 'Epicerie salée bio', 'Conserve bio']",Bonduelle,True,False,false,1.0,YEAR,2 x 140g,"['Produit vegan', 'Produit bio']",https://courses.monoprix.fr/images-v3/0c44253f-c4a3-4340-9d37-d41e42b9d14a/2e479618-c310-46bb-a33c-1edad0a1c9a5/300x300.jpg
Nos sélections,d7602053-c820-425d-b31c-5e78a80efe75,MPX_4231091,Monoprix Bio Œufs Bio x6,3.09,0.52,"['Bio', 'Crèmerie bio', 'Œuf bio']",Monoprix Bio,True,False,false,1.0,WEEK,6 par pack,['Produit bio'],https://courses.monoprix.fr/images-v3/0c44253f-c4a3-4340-9d37-d41e42b9d14a/1ce2483b-a996-4e6d-9f3c-e7133c90f068/300x300.jpg
Nos sélections,beb442a0-ff90-450b-80cf-578be72431f0,MPX_1247425,Monoprix Pâte feuilletée prête à dérouler 230g,0.75,3.26,"['Nos sélections', 'Inspiration du moment', '& Frigo vide', 'Traiteur']",Monoprix,True,False,false,1.0,WEEK,230g,[],https://courses.monoprix.fr/images-v3/0c44253f-c4a3-4340-9d37-d41e42b9d14a/1b069a8d-6b2f-4fbb-9c39-88ef89b5bc96/300x300.jpg
Nos sélections,66ee4f79-f377-45c6-acf6-ff7d70dbbc55,MPX_1990979,Monoprix Lardons Fumés Qualité Supérieure 200g,1.69,8.45,"['Charcuterie et Traiteur', 'Charcuterie', 'Lardons, Dés et Poitrine', 'Lardon et Allumette']",Monoprix,True,False,false,2.0,WEEK,200g,[],https://courses.monoprix.fr/images-v3/0c44253f-c4a3-4340-9d37-d41e42b9d14a/189b149d-5974-448c-8ba3-e1badb30a14b/300x300.jpg
Nos sélections,3c95bf82-e735-4411-85f6-cf2a59e5207f,MPX_875909,Monoprix Lait Demi Ecrémé 6x1L,6.39,1.07,"['Boissons et Lait', 'Lait', 'Lait UHT demi-écrémé']",Monoprix,True,False,false,1.0,MONTH,6 x 1L,[],https://courses.monoprix.fr/images-v3/0c44253f-c4a3-4340-9d37-d41e42b9d14a/f9ff0ec5-0d0c-498e-b88c-0e01f9cbc570/300x300.jpg
Nos sélections,b70d9dd4-ecab-4208-96d4-aa04d7488aaa,MPX_2481494,Lotus Papier Toilette Confort Blanc X6 Rouleaux,3.09,0.52,"['Hygiène & Beauté', 'Papiers toilette, Mouchoirs et Cotons', 'Papiers toilette', 'Par 6']",Lotus,True,False,false,,,6 par pack,[],https://courses.monoprix.fr/images-v3/0c44253f-c4a3-4340-9d37-d41e42b9d14a/ab66b0fe-ea7a-4cf2-b37b-6516cbfa6ce4/300x300.jpg
Nos sélections,a0d92dc5-fb62-453f-86b1-4cc583f3bf19,MPX_6716509,"Monoprix Bio Carotte sachet 1,5kg",3.79,2.53,"['Fruits & Légumes', 'Légumes Frais', 'Pommes de terre et Carottes', 'Carotte']",Monoprix Bio,True,False,false,4.0,DAY,1.5kg,['Produit bio'],https://courses.monoprix.fr/images-v3/0c44253f-c4a3-4340-9d37-d41e42b9d14a/2d4d0ac2-c81b-482e-a7e7-16a071d41e50/300x300.jpg
Nos sélections,d2bc2483-ddae-4053-b6e6-eb9daf6ce804,MPX_2351521,"Monoprix eau minérale des alpes le pack de 6x1,5L",2.09,0.23,"['Boissons et Lait', 'Eau', 'Eau plate']",Monoprix,True,False,false,1.0,MONTH,6 x 1.5L,[],https://courses.monoprix.fr/images-v3/0c44253f-c4a3-4340-9d37-d41e42b9d14a/01bcf9a7-e1ee-4461-b031-2e492180c6a9/300x300.jpg
Nos sélections,2f8bec32-865a-4779-8ed2-f470b9f514fd,MPX_4112284,Coca-Cola Coca-Cola Sans Sucres 6x33cl,4.09,2.07,"['Nos sélections', 'Nos marques du moment', ""Promogaming Fin d'année 2024""]",Coca-Cola,True,False,false,1.0,MONTH,6 x 33cl,[],https://courses.monoprix.fr/images-v3/0c44253f-c4a3-4340-9d37-d41e42b9d14a/bff0b0e9-1995-49ae-8734-95741b7184a1/300x300.jpg
Nos sélections,566d5590-6b1b-4540-997f-4dfe28d3dfb4,MPX_1891155,"Source Des Pins Eau de source naturelle 6x1,5L",1.65,0.18,"['Boissons et Lait', 'Eau', 'Eau plate']",Source des Pins,True,False,false,1.0,MONTH,6 x 1.5L,[],https://courses.monoprix.fr/images-v3/0c44253f-c4a3-4340-9d37-d41e42b9d14a/5e7af6ad-6226-4d66-aa19-98cb9d5c83a5/300x300.jpg
Nos sélections,47ce7a00-b981-415c-88f5-36694577f628,MPX_1681325,Monoprix Comté Râpé 140g,2.89,20.64,"['Nos sélections', 'Inspiration du moment', 'Nos coups de coeur Origine France']",Monoprix,True,False,false,2.0,WEEK,140g,[],https://courses.monoprix.fr/images-v3/0c44253f-c4a3-4340-9d37-d41e42b9d14a/7d0e3c3c-fb42-4641-84a5-8d2b8a3866b7/300x300.jpg
Nos sélections,d1dc4ff2-50a1-453b-ba4a-b17130ea828c,MPX_3659601,Oatly Ab Lait D'Avoine 1 L,3.09,3.09,"['Régimes alimentaires', 'Végétal', 'Boisson végétale']",Oatly ab,True,False,false,2.0,MONTH,1L,[],https://courses.monoprix.fr/images-v3/0c44253f-c4a3-4340-9d37-d41e42b9d14a/21aaf276-44f7-494e-b45a-4c9f695c6fb7/300x300.jpg
Nos sélections,1551a49f-37b9-4148-b56f-cf138623e319,MPX_2339292,Rummo Pâte Fusilli n°48 500g,2.49,4.98,"['Produits du monde', 'Italie - Italia', 'Pâtes, Riz et Risotto']",Rummo,True,False,false,1.0,YEAR,500g,[],https://courses.monoprix.fr/images-v3/0c44253f-c4a3-4340-9d37-d41e42b9d14a/53655bea-828b-49cd-a509-8af45accb369/300x300.jpg
Nos sélections,c801a570-bd83-4da8-94a4-c7c09f864702,MPX_1044803,Monoprix Gourmet Mozzarella De Bufala 150g,3.05,20.33,"['Nos sélections', 'Inspiration du moment', '& Frigo vide', 'Produits laitiers et Œufs']",Monoprix Gourmet,True,False,false,5.0,DAY,150g,[],https://courses.monoprix.fr/images-v3/0c44253f-c4a3-4340-9d37-d41e42b9d14a/5ae49b6f-3954-4c19-9850-67094622b8b9/300x300.jpg
Nos sélections,a0a8b2c2-8431-4e05-b264-38e3d6ea7d34,MPX_3635643,Monoprix Oeufs de Poules Elevées en Plein Air x6,2.39,0.4,"['Nos sélections', 'Inspiration du moment', '& Sélection petit déjeuner', 'Produits laitiers et œufs']",Monoprix,True,False,false,1.0,WEEK,6 par pack,[],https://courses.monoprix.fr/images-v3/0c44253f-c4a3-4340-9d37-d41e42b9d14a/01029a5b-01c8-4701-9776-8987b060fc21/300x300.jpg
Nos sélections,74a39287-023c-457f-8f3f-b80dbd040038,MPX_1120134,Monoprix beurre demi-sel 250g,2.45,9.8,"['Nos sélections', 'Inspiration du moment', '& Frigo vide', 'Produits laitiers et Œufs']",Monoprix,True,False,false,2.0,WEEK,250g,[],https://courses.monoprix.fr/images-v3/0c44253f-c4a3-4340-9d37-d41e42b9d14a/95211356-3c6a-4b2d-bc63-3078c6bcd2c9/300x300.jpg
Nos sélections,d2135218-d77f-4a00-820f-b3f51038a97a,MPX_3430162,Monoprix Blanc de poireau 500g,3.99,7.98,"['Fruits & Légumes', 'Légumes Frais', 'Légumes de saison']",Monoprix,True,False,false,2.0,DAY,500g,[],https://courses.monoprix.fr/images-v3/0c44253f-c4a3-4340-9d37-d41e42b9d14a/3137fa21-46b7-4ecc-9f11-87be7dc0bf9d/300x300.jpg
Nos sélections,53e614d8-ccac-4bc4-bdcb-30ae769effc4,MPX_139613,Monoprix Chair de Tomates 400g,1.19,2.98,"['Nos sélections', 'Inspiration du moment', '& Frigo vide', 'Epicerie salée']",Monoprix,True,False,false,6.0,MONTH,400g,[],https://courses.monoprix.fr/images-v3/0c44253f-c4a3-4340-9d37-d41e42b9d14a/a0c5c811-8a7d-4d03-8ae3-724c909dc63c/300x300.jpg
Nos sélections,cac0be93-edc3-4376-b03b-ca1f212903d7,MPX_5364365,"Pomme de terre 1,5kg",1.49,0.99,"['Fruits & Légumes', 'Légumes Frais', 'Pommes de terre et Carottes', 'Pommes de terre']",-,True,False,false,4.0,DAY,1.5kg,[],https://courses.monoprix.fr/images-v3/0c44253f-c4a3-4340-9d37-d41e42b9d14a/8f4b4d5a-c029-4345-a5cb-4753a38ca3cc/300x300.jpg
Nos sélections,d3231172-6e71-4ce1-b772-dba58412e2f3,MPX_2653975,Monoprix Bio Crevettes cuites décortiquées 100g,4.69,46.9,"['Produits de la Mer', 'Poissonnerie', 'Crevettes et crustacés']",Monoprix Bio,True,False,false,5.0,DAY,100g,['Produit bio'],https://courses.monoprix.fr/images-v3/0c44253f-c4a3-4340-9d37-d41e42b9d14a/63af0662-e290-4391-b886-b8a5a3f2db2d/300x300.jpg
Nos sélections,905559df-0fee-42a5-81e6-9ecdefd9c800,MPX_4286401,Kleenex Boite Familiale Mouchoirs,2.65,0.02,"['Nos sélections', 'Inspiration du moment', '& Sélection gros formats', 'Hygiène et Beauté']",Kleenex,True,False,false,,,128 par pack,[],https://courses.monoprix.fr/images-v3/0c44253f-c4a3-4340-9d37-d41e42b9d14a/02ba31b8-cd2e-47f7-b35e-164dd94cad9b/300x300.jpg
Nos sélections,182c3fc2-1277-4ab7-aa38-e2c6794496eb,MPX_2397076,Nestlé Dessert Tablette Chocolat Noir Dessert Pâtissier 2x205g,5.65,13.78,"['Epicerie Sucrée', 'Sucre, Farine et Aide à la pâtisserie', 'Chocolat à pâtisser']",Nestlé dessert,True,False,false,2.0,MONTH,2 x 205g,[],https://courses.monoprix.fr/images-v3/0c44253f-c4a3-4340-9d37-d41e42b9d14a/b674a1e0-6a5e-488f-bd1b-4b7ae23bdea3/300x300.jpg
Nos sélections,ce5d1d6e-7d72-4d42-96ae-c7fe300f72e6,MPX_2823789,Pom'Potes Pomme/Pomme Poire/Pomme Fraise/Pomme Banane Fraise 12X90G,5.89,5.45,"['Nos sélections', 'Boutique Enfants', 'Pour le goûter de vos enfants', 'Compote']",Pom'potes,True,False,false,2.0,MONTH,12 x 90g,[],https://courses.monoprix.fr/images-v3/0c44253f-c4a3-4340-9d37-d41e42b9d14a/4917d32a-140a-4761-8500-2ad966319102/300x300.jpg
Nos sélections,b35666a7-67ab-4f66-a48d-34d072df8596,MPX_966137,Monoprix Bio lait demi-écrémé stérilisée 6x1L,7.69,1.28,"['Bio', 'Crèmerie bio', 'Lait bio']",Monoprix Bio,True,False,false,1.0,MONTH,6 x 1L,['Produit bio'],https://courses.monoprix.fr/images-v3/0c44253f-c4a3-4340-9d37-d41e42b9d14a/4b0799fc-1e54-4f38-a5d8-9aaff4d7842d/300x300.jpg
Nos sélections,d889add0-aef4-411c-8793-a78ec6e62e71,MPX_969528,Monoprix Yaourt à la grecque 4x150g,1.89,3.15,"['Nos sélections', 'Inspiration du moment', '& Sélection petit déjeuner', 'Produits laitiers et œufs']",Monoprix,True,False,false,1.0,WEEK,4 x 150g,[],https://courses.monoprix.fr/images-v3/0c44253f-c4a3-4340-9d37-d41e42b9d14a/b10c1ee4-24ee-4e02-b5b4-01247cd7f7d8/300x300.jpg
Nos sélections,bafdc4a4-5356-4061-a44d-96019ed205a8,MPX_2008360,Monoprix Etuis Mouchoirs Compacts Douceur & Résistance X15,1.29,1.29,"['Hygiène & Beauté', 'Papiers toilette, Mouchoirs et Cotons', 'Mouchoirs', 'Etuis']",Monoprix,True,False,false,,,,[],https://courses.monoprix.fr/images-v3/0c44253f-c4a3-4340-9d37-d41e42b9d14a/0c5943b4-c5c5-4e0a-9e01-8777dc0682e3/300x300.jpg
Nos sélections,df0750a8-d8ae-4bbc-a7b1-20f987cc3a73,MPX_4055282,Natoora Tomate Ronde Pleine Terre - 500gr,3.49,6.98,"['Fruits & Légumes', 'Natoora le Primeur', 'Légumes, Salades et Herbes']",Natoora,True,False,false,4.0,DAY,500g,[],https://courses.monoprix.fr/images-v3/0c44253f-c4a3-4340-9d37-d41e42b9d14a/7938a15b-8727-43c7-8334-b00918df5c68/300x300.jpg
Nos sélections,b2b149c2-27fe-4062-b139-c51671f8d2ad,MPX_3293006,Pomme Gala Bio x4 Catégorie 2,3.49,0.87,"['Bio', 'Fruit et Légume bio', 'Fruit frais bio']",-,True,False,false,3.0,DAY,4 par pack,['Produit bio'],https://courses.monoprix.fr/images-v3/0c44253f-c4a3-4340-9d37-d41e42b9d14a/7b3ffe1d-d565-4733-b4f4-f7df26b65729/300x300.jpg
Nos sélections,efad3175-83c3-4b38-9437-9e867f58a440,MPX_127272,Monoprix Crème Fluide Légère Stérilisée 3x20cl,1.93,3.22,"['Nos sélections', 'Inspiration du moment', '& Frigo vide', 'Produits laitiers et Œufs']",Monoprix,True,False,false,1.0,MONTH,3 x 20cl,[],https://courses.monoprix.fr/images-v3/0c44253f-c4a3-4340-9d37-d41e42b9d14a/901def68-0f4c-409b-a8af-d4e897d574fc/300x300.jpg
Nos sélections,6653c262-3ece-4a2f-8a69-69dcea880eff,MPX_3740943,Instant Bio Courgette Bio 500g,2.99,5.98,"['Fruits & Légumes', 'Légumes Frais', 'Aubergines, Courgettes et Poivrons', 'Courgette']",Instant Bio,True,False,false,2.0,DAY,500g,['Produit bio'],https://courses.monoprix.fr/images-v3/0c44253f-c4a3-4340-9d37-d41e42b9d14a/7ab5da70-41b8-438f-9a34-22acfa5929ca/300x300.jpg
Nos sélections,55f0b6b6-101a-420b-8f02-2c3a35f00e21,MPX_4260968,Herta Lardons Fumés sans nitrite 2 x 75g,2.55,17.0,"['Charcuterie et Traiteur', 'Charcuterie', 'Lardons, Dés et Poitrine', 'Lardon et Allumette']",Herta,True,False,false,1.0,WEEK,2 x 75g,[],https://courses.monoprix.fr/images-v3/0c44253f-c4a3-4340-9d37-d41e42b9d14a/16196059-6a89-46c7-b9ab-dbf1e64e31c4/300x300.jpg
Nos sélections,9246b4eb-4b37-4979-92ad-b18c17b5794f,MPX_962397,Monoprix Noix de Cajou Grillées et Salées 125g,2.85,22.8,"['Nos sélections', 'Inspiration du moment', '& Apéro entre amis', 'Epicerie salée']",Monoprix,True,False,false,2.0,MONTH,125g,[],https://courses.monoprix.fr/images-v3/0c44253f-c4a3-4340-9d37-d41e42b9d14a/af289a49-6db1-4dc8-8e6c-8e61f38e5fb4/300x300.jpg
Nos sélections,6f6bd8e9-5307-449b-ab18-32b8c611542f,MPX_2216598,Monoprix Gourmet Demi-Baguettes Précuites 2X125G,1.75,7.0,"['Nos sélections', 'Inspiration du moment', '& Notre sélection brunch', 'Pains']",Monoprix Gourmet,True,False,false,4.0,WEEK,250g,[],https://courses.monoprix.fr/images-v3/0c44253f-c4a3-4340-9d37-d41e42b9d14a/f7fa0c37-efef-4750-bbc6-f8dbc92095cd/300x300.jpg
Nos sélections,76d89e60-3905-49bd-be67-6332a700a409,MPX_6718862,Coca-cola sans sucres slim mini frigo pack 6x20cl,3.89,3.24,"['Nos sélections', 'Nos marques du moment', ""Promogaming Fin d'année 2024""]",Coca-cola zero,True,False,false,1.0,MONTH,6 x 20cl,[],https://courses.monoprix.fr/images-v3/0c44253f-c4a3-4340-9d37-d41e42b9d14a/aea8202c-55f2-4d66-a0f8-4d293cd1bda3/300x300.jpg
Nos sélections,9c7fe4f4-6f03-4bb0-ace2-5681c3df359c,MPX_3011174,Cassegrain Haricots Verts Extra-Fins Cueillis et Rangés Main 110g,1.65,15.0,"['Nos sélections', 'Nos marques du moment', 'La course aux étoiles chez Monoprix']",Cassegrain,True,False,false,1.0,YEAR,110g,['Produit vegan'],https://courses.monoprix.fr/images-v3/0c44253f-c4a3-4340-9d37-d41e42b9d14a/4e756cb3-df35-4ecd-b82b-548b6b398dfe/300x300.jpg
Nos sélections,48a6e084-a378-40b3-8d48-4572d35f9c1c,MPX_1258012,Barilla pates linguine collezione 500g,1.59,3.18,"['Epicerie Salée', 'Pâte, Riz, Céréale et Purée', 'Pâtes', 'Pâtes courtes']",Barilla,True,False,false,6.0,MONTH,500g,[],https://courses.monoprix.fr/images-v3/0c44253f-c4a3-4340-9d37-d41e42b9d14a/88861933-bd87-4321-a9ea-d6827d3e59ba/300x300.jpg
Nos sélections,642c4bb1-de3d-4e8c-8d2f-88bd004b7555,MPX_1387077,Monoprix Eponges Végétales Grattantes x3,1.49,0.5,"['Entretien & Nettoyage', 'Accessoire menager', 'Eponge et lavette']",Monoprix,True,False,false,,,3 par pack,[],https://courses.monoprix.fr/images-v3/0c44253f-c4a3-4340-9d37-d41e42b9d14a/f87fa34d-d413-48b9-a57a-2b2f5d138734/300x300.jpg
Nos sélections,c15d8307-5773-4c0f-a49c-438a1cdd2db0,MPX_2484041,Mini BN biscuits fourrés goût chocolat 175g,2.55,14.57,"['Nos sélections', 'Boutique Enfants', 'Pour le goûter de vos enfants', 'Biscuit et Goûter']",BN,True,False,false,2.0,MONTH,175g,[],https://courses.monoprix.fr/images-v3/0c44253f-c4a3-4340-9d37-d41e42b9d14a/abf8ac2e-7d8e-44fc-8e58-a620623f62c7/300x300.jpg
Nos sélections,50687fd4-409a-4479-84b4-59764c4ec6e6,MPX_3232463,Monoprix Sucre Blanc en Poudre 750g,1.59,2.12,"['Nos sélections', 'Inspiration du moment', '& Frigo vide', 'Epicerie sucrée']",Monoprix,True,False,false,2.0,MONTH,750g,[],https://courses.monoprix.fr/images-v3/0c44253f-c4a3-4340-9d37-d41e42b9d14a/ad1a768f-2dcf-4086-a859-7a0e6b13255f/300x300.jpg
Nos sélections,f5bcd73d-15d3-4107-87e5-90ac6e7346a6,MPX_149017,Bio Betteraves Sous Vide 500G,1.99,3.98,"['Bio', 'Fruit et Légume bio', 'Légume frais bio']",-,True,False,false,2.0,WEEK,500g,['Produit bio'],https://courses.monoprix.fr/images-v3/0c44253f-c4a3-4340-9d37-d41e42b9d14a/7420a3ab-77ef-43ab-a757-a85a0458b1d9/300x300.jpg
Nos sélections,0f9caf81-80b1-4037-bed2-6f507aa2d3a9,MPX_80119,Chou Brocoli 500G,2.49,4.98,"['Fruits & Légumes', 'Légumes Frais', 'Choux et Poireaux', 'Chou']",Monoprix,True,False,false,2.0,DAY,500g,[],https://courses.monoprix.fr/images-v3/0c44253f-c4a3-4340-9d37-d41e42b9d14a/ce75d1bb-c5fd-4fb5-ac04-bc3aaa1df5d3/300x300.jpg
Nos sélections,242a687e-936f-47ab-8645-1d7c067d9f1c,MPX_886383,Monoprix Gourmet Ravioles du Dauphiné 240g,3.65,15.21,"['Nos sélections', 'Inspiration du moment', '& Frigo vide', 'Traiteur']",Monoprix Gourmet,True,False,false,1.0,WEEK,240g,[],https://courses.monoprix.fr/images-v3/0c44253f-c4a3-4340-9d37-d41e42b9d14a/4778c32b-93f3-4c5a-aae7-0cfa9672172b/300x300.jpg
Nos sélections,fa176cce-22a5-4891-951f-1cb1f04d0110,MPX_1992375,"Charal Steaks Hachés Frais Pur Boeuf, 5% De Mat. Gr",5.79,22.27,"['Boucherie et Volaille', 'Boucherie', 'Viandes hachées et farces']",Charal,True,False,false,3.0,DAY,260g,[],https://courses.monoprix.fr/images-v3/0c44253f-c4a3-4340-9d37-d41e42b9d14a/e13f5a02-3e8d-40fb-adbe-f590776762a8/300x300.jpg
Nos sélections,ccc9fab9-6cc2-465d-8b61-f7a9628048ea,MPX_2008202,Perle du Nord Endives en sachet x 5,4.99,1.0,"['Fruits & Légumes', 'Légumes Frais', 'Salades, Endives, Asperges et Artichauts', 'Endive']",Perle du Nord,True,False,false,2.0,DAY,5 par pack,[],https://courses.monoprix.fr/images-v3/0c44253f-c4a3-4340-9d37-d41e42b9d14a/520fbf24-d9ad-48fc-97ce-a5848c801c86/300x300.jpg
Nos sélections,dd0cdd27-2ea4-4266-9839-c5cfc8cc6923,MPX_2865056,Monoprix Gourmet Pain multicéréales 500g,2.99,5.98,"['Nos sélections', 'Inspiration du moment', '& Notre sélection brunch', 'Pains']",Monoprix Gourmet,True,False,false,4.0,WEEK,500g,[],https://courses.monoprix.fr/images-v3/0c44253f-c4a3-4340-9d37-d41e42b9d14a/3a417e56-802f-40eb-b78a-f483666ee117/300x300.jpg
Nos sélections,1f1982f5-31af-44c9-a5ae-e75c1e1e24ba,MPX_153632,"Pepsi Soda au cola zéro sucres 1,5L",1.49,0.99,"['Boissons et Lait', 'Soda et Boisson aromatisée', 'Colas']",Pepsi,True,False,false,1.0,MONTH,1.5L,[],https://courses.monoprix.fr/images-v3/0c44253f-c4a3-4340-9d37-d41e42b9d14a/98e31b40-15a2-420c-ba46-8665dcb1f8c3/300x300.jpg
Nos sélections,ab0eaebb-3d8a-43f5-b49c-90cb7bbd731f,MPX_3599268,Monoprix Jambon Cuit 6 Tranches Sans Couenne,3.25,13.54,"['Charcuterie et Traiteur', 'Charcuterie', 'Jambon blanc']",Monoprix,True,False,false,1.0,WEEK,240g,[],https://courses.monoprix.fr/images-v3/0c44253f-c4a3-4340-9d37-d41e42b9d14a/071e6440-bda0-4552-8105-07b6d9d78be2/300x300.jpg
Nos sélections,cfc01aaf-91a3-4cf6-b19f-ab49fd9719c8,MPX_2339285,Rummo Pâte Linguine n°13 - 500g,2.49,4.98,"['Produits du monde', 'Italie - Italia', 'Pâtes, Riz et Risotto']",Rummo,True,False,false,1.0,YEAR,500g,[],https://courses.monoprix.fr/images-v3/0c44253f-c4a3-4340-9d37-d41e42b9d14a/94f0cfa8-addc-44b5-a974-bf0f962bbffa/300x300.jpg
Nos sélections,dc306371-195b-4103-b4b6-ff4550a20562,MPX_3440730,Pomme de Terre Grenailles Minute 500g,2.0,4.0,"['Nos sélections', 'Inspiration du moment', '& Frigo vide', 'Fruits et Légumes']",Priméale,True,False,false,6.0,DAY,500g,[],https://courses.monoprix.fr/images-v3/0c44253f-c4a3-4340-9d37-d41e42b9d14a/57e77e0b-d55c-4fd4-b026-f95316970649/300x300.jpg
Nos sélections,6fd6ce42-3df5-4c7b-8443-e85b9aae0391,MPX_3292505,Bonduelle lentilles cuites dans très peu de jus 265g,1.65,6.23,"['Nos sélections', 'Boutique Enfants', 'Repas facile pour les enfants', 'Repas']",Bonduelle,True,False,false,1.0,YEAR,265g,['Produit vegan'],https://courses.monoprix.fr/images-v3/0c44253f-c4a3-4340-9d37-d41e42b9d14a/acd06ef2-3523-4079-9c32-ac19aca038c1/300x300.jpg
Nos sélections,af11d3ca-df26-4c57-a19c-c7d8ec842d7a,MPX_3500277,Rummo Gnocchi Di Patate 500g,3.29,6.58,"['Produits du monde', 'Italie - Italia', 'Pâtes, Riz et Risotto']",Rummo,True,False,false,6.0,MONTH,500g,[],https://courses.monoprix.fr/images-v3/0c44253f-c4a3-4340-9d37-d41e42b9d14a/f6427f95-d6d2-4ed1-ae23-7824add14adc/300x300.jpg
Nos sélections,105c98c6-304c-4778-8ece-fcf64ce329d4,MPX_2863137,Le Gaulois Filet De Poulet Blanc 720G,11.39,15.82,"['Boucherie et Volaille', 'Volaille', 'Poulet']",LE GAULOIS,True,False,false,4.0,DAY,720g,[],https://courses.monoprix.fr/images-v3/0c44253f-c4a3-4340-9d37-d41e42b9d14a/8d19e295-2f09-4621-8e0c-29ac23975c41/300x300.jpg
Nos sélections,2d5c18d0-9f61-4c72-b702-ce7ad8aa8902,MPX_3636371,Monoprix Œufs Frais de poules élevées en plein air x18,6.29,0.35,"['Nos sélections', 'Inspiration du moment', '& Sélection gros formats', 'Crèmerie']",Monoprix,True,False,false,1.0,WEEK,18 par pack,[],https://courses.monoprix.fr/images-v3/0c44253f-c4a3-4340-9d37-d41e42b9d14a/da40f0f3-5bf9-4661-9b95-ae9e6fa5c5ce/300x300.jpg
Nos sélections,12dc7dde-8e3c-44ac-826a-0e0c72e497e9,MPX_2824587,Oignon Rouge 3 Têtes,3.29,9.4,"['Fruits & Légumes', 'Légumes Frais', 'Ail, Oignons et Echalotes', 'Oignon']",Monoprix,True,False,false,1.0,WEEK,350g,[],https://courses.monoprix.fr/images-v3/0c44253f-c4a3-4340-9d37-d41e42b9d14a/767e9e4b-2355-4776-b06b-933bd6b13763/300x300.jpg
Nos sélections,e5af62e1-d95f-4338-911b-eb8bbe0c90b5,MPX_732652,Monoprix Bio mozzarella au lait de vache bio 125g,1.79,14.32,"['Produits du monde', 'Italie - Italia', 'Mozzarella, Parmesan, Burrata et Ricotta']",Monoprix Bio,True,False,false,1.0,WEEK,125g,['Produit bio'],https://courses.monoprix.fr/images-v3/0c44253f-c4a3-4340-9d37-d41e42b9d14a/9ab982eb-4d5a-4309-be67-3cbf1f74947b/300x300.jpg
Nos sélections,8e8eea67-a874-4d63-b3e4-03a394c3c5df,MPX_6338642,Herta Le Bon Paris jambon à l'étouffée 4 tranches 140g,3.69,26.36,"['Charcuterie et Traiteur', 'Charcuterie', 'Jambon blanc']",Herta,True,False,false,5.0,DAY,140g,[],https://courses.monoprix.fr/images-v3/0c44253f-c4a3-4340-9d37-d41e42b9d14a/e51ba6a6-8cba-442e-8ca0-12493bb27661/300x300.jpg
Nos sélections,2e1a022b-acbe-4651-8e90-64942e9cadd4,MPX_1753538,Ail Blanc Bio 3 têtes,2.99,1.0,"['Bio', 'Fruit et Légume bio', 'Légume frais bio']",Monoprix,True,False,false,1.0,WEEK,3 par pack,['Produit bio'],https://courses.monoprix.fr/images-v3/0c44253f-c4a3-4340-9d37-d41e42b9d14a/5e795d76-6724-461f-acc5-edb122351884/300x300.jpg
Nos sélections,be78be66-1a61-4b82-9d54-0436e569c5fe,MPX_1398244,Mulini bianco biscuits baiocchi nocciola snack 336g,3.65,10.86,"['Nos sélections', 'Inspiration du moment', '& Les produits méditerranéens', 'Epicerie sucrée']",Mulino bianco,True,False,false,2.0,MONTH,336g,[],https://courses.monoprix.fr/images-v3/0c44253f-c4a3-4340-9d37-d41e42b9d14a/59a66929-934d-4e9f-bb9e-81c0ad24c6b6/300x300.jpg
Nos sélections,71d1d983-9088-4821-b318-3c14d7bec409,MPX_130899,Monoprix Chocolat Noir Pâtissier Dessert 200G,1.89,9.45,"['Epicerie Sucrée', 'Sucre, Farine et Aide à la pâtisserie', 'Chocolat à pâtisser']",Monoprix,True,False,false,6.0,MONTH,200g,[],https://courses.monoprix.fr/images-v3/0c44253f-c4a3-4340-9d37-d41e42b9d14a/ffb93570-a97b-4b4e-b9b3-4fcbba4a82a2/300x300.jpg
Nos sélections,9f86c3ea-ea3a-4ff3-ae76-586700356389,MPX_2936607,Rummo Pâtes Mezzi Rigaroni n°51 500g,2.49,4.98,"['Produits du monde', 'Italie - Italia', 'Pâtes, Riz et Risotto']",Rummo,True,False,false,1.0,YEAR,500g,[],https://courses.monoprix.fr/images-v3/0c44253f-c4a3-4340-9d37-d41e42b9d14a/8e84ae23-7356-4a5c-8d24-170f7fea39d5/300x300.jpg
Nos sélections,b9b28d72-a729-46ad-8c8f-f37d1d9068aa,MPX_3705992,Avocat x4,4.49,1.12,"['Fruits & Légumes', 'Légumes Frais', 'Avocats, Concombres et Radis', 'Avocat']",AUTRE MARQUE,True,False,false,4.0,DAY,4 par pack,[],https://courses.monoprix.fr/images-v3/0c44253f-c4a3-4340-9d37-d41e42b9d14a/cf27d485-4379-4890-88d1-e0b1a3783bed/300x300.jpg
Nos sélections,5c4c8a1e-7fad-4b47-b30e-eacafe8bf35b,MPX_3987641,Natoora Patate Douce - Rose - CAT:I - 1 pièce,2.49,4.15,"['Fruits & Légumes', 'Natoora le Primeur', 'Légumes, Salades et Herbes']",Natoora,True,False,false,6.0,DAY,600g,[],https://courses.monoprix.fr/images-v3/0c44253f-c4a3-4340-9d37-d41e42b9d14a/45e684eb-3225-4d0a-9663-3c652355b337/300x300.jpg
Nos sélections,24d23cc4-2328-4940-ad00-4b32b668653b,MPX_2222100,Monoprix Bio Tomates Cerises Allongées 200g,3.49,17.45,"['Fruits & Légumes', 'Légumes Frais', 'Tomates']",Monoprix Bio,True,False,false,4.0,DAY,200g,['Produit bio'],https://courses.monoprix.fr/images-v3/0c44253f-c4a3-4340-9d37-d41e42b9d14a/ca47c094-f452-4895-af07-fd4802ee8efb/300x300.jpg
Nos sélections,d048e5d3-4e0f-47b6-a44b-e6478a00d09b,MPX_1663641,Monoprix laitue iceberg 300g,0.99,3.3,"['Fruits & Légumes', 'Prêts à consommer', 'Salades']",Monoprix,True,False,false,2.0,DAY,300g,[],https://courses.monoprix.fr/images-v3/0c44253f-c4a3-4340-9d37-d41e42b9d14a/18307a46-06d8-4e22-9226-96cddd815459/300x300.jpg
Nos sélections,7168932f-02c4-46fd-8123-8f0b62c93d9f,MPX_80082,Champignon Blanc de Paris 500g,3.5,7.0,"['Fruits & Légumes', 'Légumes Frais', 'Champignons']",Monoprix,True,False,false,1.0,DAY,500g,[],https://courses.monoprix.fr/images-v3/0c44253f-c4a3-4340-9d37-d41e42b9d14a/9fecca9b-a63c-4c24-9d02-5c84af2df590/300x300.jpg
Nos sélections,cdc5f86d-a456-44fb-9522-ff2686fe80de,MPX_875083,"Florette baby carottes, sans conservateur 250g",2.79,11.16,"['Fruits & Légumes', 'Légumes Frais', 'Pommes de terre et Carottes', 'Carotte']",Florette,True,False,false,5.0,DAY,250g,[],https://courses.monoprix.fr/images-v3/0c44253f-c4a3-4340-9d37-d41e42b9d14a/f06e3e17-46d1-49c8-a9e7-1a0c242804f3/300x300.jpg
Nos sélections,1b40073b-1752-40a8-b6ce-5244f5235cb0,MPX_1386864,Monoprix Bio Jus de pomme 100% pur jus bio 1L,2.49,2.49,"['Bio', 'Boisson et Cave bio', 'Jus bio']",Monoprix Bio,True,False,false,1.0,MONTH,1L,['Produit bio'],https://courses.monoprix.fr/images-v3/0c44253f-c4a3-4340-9d37-d41e42b9d14a/37c86d8a-512d-455d-9a0a-5e437634ce2c/300x300.jpg
Nos sélections,cf03d6be-43d4-43ca-a9c8-7a462a121350,MPX_3059041,Milka Tablette Chocolat Lait Au Lait Du Pays Alpin 3x100g,4.09,13.63,"['Nos sélections', 'Inspiration du moment', '& Sélection gros formats', 'Epicerie salée et sucrée']",Milka,True,False,false,2.0,MONTH,3 x 100g,[],https://courses.monoprix.fr/images-v3/0c44253f-c4a3-4340-9d37-d41e42b9d14a/362d385d-4308-40b8-b7c1-b18d19d5b287/300x300.jpg
Nos sélections,ddfcb2de-7dcb-4ec5-9349-f9ffe4ade014,MPX_142227,Monoprix Cœur de laitue sachet de 200g,1.99,9.95,"['Fruits & Légumes', 'Prêts à consommer', 'Salades']",Monoprix,True,False,false,1.0,DAY,200g,[],https://courses.monoprix.fr/images-v3/0c44253f-c4a3-4340-9d37-d41e42b9d14a/da101a4f-ff7e-403a-9eb3-5e0e4e450e33/300x300.jpg
Nos sélections,b4d316b8-63f4-47f3-827b-328f89e374bc,MPX_3073459,L'Œuf de Nos Villages Œufs frais Bio x10,6.15,0.62,"['Bio', 'Crèmerie bio', 'Œuf bio']",L'Oeuf De Nos Villages,True,False,false,1.0,WEEK,10 par pack,['Produit bio'],https://courses.monoprix.fr/images-v3/0c44253f-c4a3-4340-9d37-d41e42b9d14a/2e865449-81d3-425c-aa4e-70d2e46467a1/300x300.jpg
Nos sélections,1f37f531-8dd8-4593-8b97-af71a89b8009,MPX_4219884,Monoprix Bio Crèpes moelleuses 210g,2.99,14.24,"['Nos sélections', 'Inspiration du moment', '& Frigo vide', 'Traiteur']",Monoprix Bio,True,False,false,6.0,DAY,210g,['Produit bio'],https://courses.monoprix.fr/images-v3/0c44253f-c4a3-4340-9d37-d41e42b9d14a/8b8672d5-b9b9-4f36-acac-bf8f29fc0a29/300x300.jpg
Nos sélections,8d935f1d-0ec2-4cd5-a81d-d82eb61ddcd7,MPX_2823143,Granola Sablés nappés au Chocolat au Lait 200g,1.69,8.45,"['Nos sélections', 'Boutique Enfants', 'Pour le goûter de vos enfants', 'Biscuit et Goûter']",Granola,True,False,false,2.0,MONTH,200g,[],https://courses.monoprix.fr/images-v3/0c44253f-c4a3-4340-9d37-d41e42b9d14a/4966aae2-6c0e-49db-8d30-f1b311d5f049/300x300.jpg
Nos sélections,91156bb9-845d-4e5c-87b8-6ca9c473dc32,MPX_1990975,Monoprix Lardons Nature Qualité Supérieure 200g,1.65,8.25,"['Charcuterie et Traiteur', 'Charcuterie', 'Lardons, Dés et Poitrine', 'Lardon et Allumette']",Monoprix,True,False,false,2.0,WEEK,200g,[],https://courses.monoprix.fr/images-v3/0c44253f-c4a3-4340-9d37-d41e42b9d14a/96a773cb-cd03-4f00-a858-8881ac4bfbe3/300x300.jpg
Nos sélections,31453c9c-ff99-4db2-8eaa-21ea6ddd1262,MPX_1776173,Tyrrell's Chips de pommes de terre au sel de mer 150g,3.15,21.0,"['Epicerie Salée', 'Produit apéritif', 'Chips et Biscuit Apéritif', 'Chips']",Tyrrell's,True,False,false,1.0,MONTH,150g,[],https://courses.monoprix.fr/images-v3/0c44253f-c4a3-4340-9d37-d41e42b9d14a/d7af0c81-4dcf-4851-98d5-14d8e510158b/300x300.jpg
Nos sélections,79b9ba28-76e1-453d-9d54-67e462285b34,MPX_2412525,"Monoprix Tous Cultiv'Acteurs Pommes Rouge Gala, catégorie 1 x4 fruits",2.49,0.62,"['Fruits & Légumes', 'Monoprix Tous Cultiv’Acteurs', 'Fruits']",Monoprix tous cultiv'acteur,True,False,false,3.0,DAY,4 par pack,[],https://courses.monoprix.fr/images-v3/0c44253f-c4a3-4340-9d37-d41e42b9d14a/0e8c5259-9287-4563-823a-55c225ca18b4/300x300.jpg
Nos sélections,2d53d03f-3024-4093-ad52-29890cb443ab,MPX_1625130,Monoprix Lait Demi-Ecrémé Stérilisé 6x1L,6.29,1.05,"['Boissons et Lait', 'Lait', 'Lait UHT demi-écrémé']",Monoprix,True,False,false,1.0,MONTH,6 x 1L,[],https://courses.monoprix.fr/images-v3/0c44253f-c4a3-4340-9d37-d41e42b9d14a/88e58a2b-42e5-43ec-b0fd-44f8d6d61d81/300x300.jpg
Nos sélections,c30b277c-f79d-4418-88bc-51074e4d5cf8,MPX_2156370,Monoprix Bio Pomme Golden x6 Catégorie 2,3.99,0.67,"['Bio', 'Fruit et Légume bio', 'Fruit frais bio']",MONOP BIOLOGIQUE,True,False,false,3.0,DAY,6 par pack,['Produit bio'],https://courses.monoprix.fr/images-v3/0c44253f-c4a3-4340-9d37-d41e42b9d14a/e093f8b4-8ea6-4cf2-b8f6-2a168d57f6f6/300x300.jpg
Nos sélections,43a91278-97bc-4e0e-8e35-d1a53338e9fa,MPX_1121677,Monoprix Bio Maïs Doux En Grains 285G,1.35,4.74,"['Bio', 'Epicerie salée bio', 'Conserve bio']",Monoprix Bio,True,False,false,1.0,YEAR,285g,['Produit bio'],https://courses.monoprix.fr/images-v3/0c44253f-c4a3-4340-9d37-d41e42b9d14a/7f668259-9ab9-4b00-8349-bc225340c3a7/300x300.jpg
Nos sélections,e3e5bbcd-d596-41f5-affe-88c7ce9d5f7c,MPX_2455141,Lu Petit Ecolier Petit Beurre Biscuits nappés de Chocolat au Lait 150g,1.89,12.6,"['Nos sélections', 'Boutique Enfants', 'Pour le goûter de vos enfants', 'Biscuit et Goûter']",Petit écolier,True,False,false,2.0,MONTH,150g,[],https://courses.monoprix.fr/images-v3/0c44253f-c4a3-4340-9d37-d41e42b9d14a/c9f9adf2-3a3d-4bad-9905-fb7efd0b650b/300x300.jpg
Nos sélections,d69e34d8-7cbf-49a2-883e-29f6710d3fe3,MPX_1701318,Monoprix Gourmet Comté AOP au lait cru 220g,5.85,26.59,"['Nos sélections', 'Inspiration du moment', 'Sélection Charcuterie et Fromage']",Monoprix Gourmet,True,False,false,3.0,WEEK,220g,[],https://courses.monoprix.fr/images-v3/0c44253f-c4a3-4340-9d37-d41e42b9d14a/51e1de19-f600-4a14-8ecb-9a0706d2c3b8/300x300.jpg
Nos sélections,e0510798-add3-41cc-8474-8905d45b4318,MPX_1906756,La Boulangère Pains au lait Bio x8 280g,2.49,8.89,"['Bio', 'Pain et Galette de riz bio', 'Pain et Biscotte bio']",La Boulangère,True,False,false,1.0,WEEK,280g,['Produit bio'],https://courses.monoprix.fr/images-v3/0c44253f-c4a3-4340-9d37-d41e42b9d14a/fc098056-baae-4932-8ca8-656c7fd05361/300x300.jpg
Nos sélections,d125d83a-3a30-4995-9b82-0c9fa53adf20,MPX_3391326,Kleenex Mouchoirs Boite Ultrasoft x64,2.65,0.04,"['Nos sélections', 'Inspiration du moment', '& Sélection gros formats', 'Hygiène et Beauté']",Kleenex,True,False,false,,,64 par pack,[],https://courses.monoprix.fr/images-v3/0c44253f-c4a3-4340-9d37-d41e42b9d14a/df2502fd-23cb-4f63-8d52-37b3b09423cd/300x300.jpg
Nos sélections,b337a04a-501b-41ec-b5f8-5a5c526feeee,MPX_2836029,Monoprix Thon Albacore au Naturel 140g,2.45,17.5,"['Nos sélections', 'Inspiration du moment', '& Tout pour faire sa salade', 'Produits de la mer']",Monoprix,True,False,false,1.0,YEAR,140g,[],https://courses.monoprix.fr/images-v3/0c44253f-c4a3-4340-9d37-d41e42b9d14a/2e88b3dc-4115-438b-a72c-470a91d3c59e/300x300.jpg
Nos sélections,297a0a26-8eb4-4f31-9bc5-bf65573db076,MPX_2963137,Monoprix Gourmet Burrata au lait de vache 120g,2.99,24.92,"['Nos sélections', 'Inspiration du moment', '& Le Coin du marché', 'Fromage']",Monoprix Gourmet,True,False,false,6.0,DAY,120g,[],https://courses.monoprix.fr/images-v3/0c44253f-c4a3-4340-9d37-d41e42b9d14a/06aeafcd-58fc-44b4-8fd0-e8590d50b9b8/300x300.jpg
Nos sélections,4e437338-a246-4b85-9f15-28ab6d8dad6c,MPX_1397947,Loue Filet De Poulet Fermier Blanc X2 240g,8.29,34.54,"['Boucherie et Volaille', 'Volaille', 'Poulet']",Loué,True,False,false,4.0,DAY,240g,[],https://courses.monoprix.fr/images-v3/0c44253f-c4a3-4340-9d37-d41e42b9d14a/700917f7-311c-457d-8e87-6a1c34d6d457/300x300.jpg
Nos sélections,cfc9cb99-fc3a-4f5b-8c25-a7557d5a9f48,MPX_2247434,Courge Butternut Bio,3.49,3.49,"['Fruits & Légumes', 'Légumes Frais', 'Légumes Bio']",Monoprix Bio,True,False,false,4.0,DAY,,['Produit bio'],https://courses.monoprix.fr/images-v3/0c44253f-c4a3-4340-9d37-d41e42b9d14a/ffff4026-39b6-475a-a5c2-f57389cf7681/300x300.jpg
Nos sélections,fb56de5b-52ba-49fe-85af-fddc1c22e031,MPX_1184253,San Pellegrino Eau Minérale Naturelle Gazeuse 6x50cl,3.99,1.33,"['Boissons et Lait', 'Eau', 'Eau gazeuse']",San pellegrino,True,False,false,1.0,MONTH,6 x 50cl,[],https://courses.monoprix.fr/images-v3/0c44253f-c4a3-4340-9d37-d41e42b9d14a/cff2a53d-e0f9-476d-9729-730afe61b9fc/300x300.jpg
Nos sélections,1165f852-4e5d-4b6d-be67-b05dea672d43,MPX_3405415,Monoprix Eau de source 5L,0.79,0.16,"['Boissons et Lait', 'Eau', 'Eau plate']",Monoprix,True,False,false,1.0,MONTH,5L,[],https://courses.monoprix.fr/images-v3/0c44253f-c4a3-4340-9d37-d41e42b9d14a/60f9e407-2a1d-4141-9221-1ebf904b150c/300x300.jpg
Nos sélections,51196608-ccfd-4762-8f1e-da78d21f98eb,MPX_150781,Monoprix Haricots Verts Extra-Fins 440g,1.89,4.3,"['Nos sélections', 'Inspiration du moment', 'Nos coups de coeur Origine France']",Monoprix,True,False,false,1.0,YEAR,440g,[],https://courses.monoprix.fr/images-v3/0c44253f-c4a3-4340-9d37-d41e42b9d14a/3dbf59c9-d613-4c89-97a6-bc15288e5a48/300x300.jpg
Nos sélections,87435629-4dba-4891-86ee-8f54eeebfbb2,MPX_2045982,Monoprix Pecorino Romano râpé AOP 50g,1.49,29.8,"['Produits du monde', 'Italie - Italia', 'Mozzarella, Parmesan, Burrata et Ricotta']",Monoprix,True,False,false,2.0,WEEK,50g,[],https://courses.monoprix.fr/images-v3/0c44253f-c4a3-4340-9d37-d41e42b9d14a/6422eb2a-f2b0-4e8d-bd44-61d8de1ab1b6/300x300.jpg
Nos sélections,9f556f57-8126-465d-9b72-ab44924798b3,MPX_2986163,"Coca-cola sans sucres sans caféine 1,25L",1.79,1.43,"['Nos sélections', 'Nos marques du moment', ""Promogaming Fin d'année 2024""]",Coca-Cola,True,False,false,1.0,MONTH,1.25L,[],https://courses.monoprix.fr/images-v3/0c44253f-c4a3-4340-9d37-d41e42b9d14a/853fc6be-4fb3-48d5-a357-c5cc7100f0b5/300x300.jpg
Nos sélections,bfd464ff-5c8e-4b0d-b63c-026ffba9b16d,MPX_737582,Bio Brocoli 500G,3.99,3.99,"['Fruits & Légumes', 'Fruits & Légumes Bio', 'Légumes Frais Bio']",-,True,False,false,2.0,DAY,,['Produit bio'],https://courses.monoprix.fr/images-v3/0c44253f-c4a3-4340-9d37-d41e42b9d14a/cf553b80-98d1-4f93-b6bb-035536e2f248/300x300.jpg
Nos sélections,8985453b-33e8-4ad8-8a76-29c6215d60cf,MPX_125410,Monoprix fromage blanc 0% le pot de 1kg,1.95,1.95,"['Nos sélections', 'Inspiration du moment', '& Sélection gros formats', 'Crèmerie']",Monoprix,True,False,false,1.0,WEEK,1kg,[],https://courses.monoprix.fr/images-v3/0c44253f-c4a3-4340-9d37-d41e42b9d14a/65fd96bd-138d-43e2-aac2-fa40031f7b6c/300x300.jpg
Nos sélections,89d1dbb9-fe5e-4a9c-82cc-b3622db08883,MPX_1255207,Monoprix Emmental français riche en calcium 250g,2.19,8.76,"['Nos sélections', 'Inspiration du moment', 'Nos coups de coeur Origine France']",Monoprix,True,False,false,2.0,WEEK,250g,[],https://courses.monoprix.fr/images-v3/0c44253f-c4a3-4340-9d37-d41e42b9d14a/fc35a52b-9152-4e42-940d-803e01524feb/300x300.jpg
Nos sélections,31281a33-b4c7-42c2-82da-fd0c7984aa86,MPX_1663837,Oignon Jaune Gros Calibre 1kg,1.79,1.79,"['Fruits & Légumes', 'Légumes Frais', 'Ail, Oignons et Echalotes', 'Oignon']",AUTRE MARQUE,True,False,false,1.0,WEEK,1kg,[],https://courses.monoprix.fr/images-v3/0c44253f-c4a3-4340-9d37-d41e42b9d14a/d502f2cb-ca60-48e9-b4ac-0e1a227a66b3/300x300.jpg
Nos sélections,a5c09f57-30d1-4488-bdce-13c1da3ff2c2,MPX_2998980,La Boulangère Brioche tranchée bio 400g,2.99,7.48,"['Bio', 'Pain et Galette de riz bio', 'Pain et Biscotte bio']",La Boulangère,True,False,false,1.0,WEEK,400g,['Produit bio'],https://courses.monoprix.fr/images-v3/0c44253f-c4a3-4340-9d37-d41e42b9d14a/9d518d8c-3703-4e9e-82d9-8d00b367a130/300x300.jpg
Nos sélections,92c6c4c9-6ac0-48f5-9ae5-365bca8f5533,MPX_1891751,Monoprix Bio Yaourt nature pack 12 x 125g,3.49,2.33,"['Bio', 'Crèmerie bio', 'Yaourt bio']",Monoprix Bio,True,False,false,1.0,WEEK,12 x 125g,['Produit bio'],https://courses.monoprix.fr/images-v3/0c44253f-c4a3-4340-9d37-d41e42b9d14a/07496a0a-a4c0-4f93-ae5e-4b32a2b4fa79/300x300.jpg
Nos sélections,d630481b-83f7-47d2-935d-47bbae7262e6,MPX_1753539,Aubergine Bio 500G,2.99,5.98,"['Fruits & Légumes', 'Légumes Frais', 'Aubergines, Courgettes et Poivrons', 'Aubergine']",-,True,False,false,2.0,DAY,500g,['Produit bio'],https://courses.monoprix.fr/images-v3/0c44253f-c4a3-4340-9d37-d41e42b9d14a/165717ac-6065-417f-8255-d4e4257b658a/300x300.jpg
Nos sélections,aed8564d-2e1a-4359-8553-c9a608bc9bb9,MPX_888071,Oignon Jaune Bio 500G,2.99,5.98,"['Bio', 'Fruit et Légume bio', 'Légume frais bio']",Monoprix,True,False,false,1.0,WEEK,500g,['Produit bio'],https://courses.monoprix.fr/images-v3/0c44253f-c4a3-4340-9d37-d41e42b9d14a/7c4f23c7-fe88-4de5-8cf3-5129fa0d99fc/300x300.jpg
Nos sélections,0dace045-7a19-42a6-be7c-13ba47a36a73,MPX_1820056,"Florette radis déjà lavés, prêt à consommer 200g",2.89,14.45,"['Nos sélections', 'Inspiration du moment', '& Barbecue', 'Légumes']",Florette,True,False,false,4.0,DAY,200g,[],https://courses.monoprix.fr/images-v3/0c44253f-c4a3-4340-9d37-d41e42b9d14a/256d322a-2e78-4c2f-865e-f25be809a015/300x300.jpg
Nos sélections,7ed186e5-f4c5-411d-98da-badc5a278c0b,MPX_6563819,Findus frites crousti' express classique 2x100g,3.09,15.45,"['Nos sélections', 'Inspiration du moment', '& Frigo vide', 'Surgelés']",Findus,True,False,false,6.0,MONTH,2 x 100g,['Produit congelé'],https://courses.monoprix.fr/images-v3/0c44253f-c4a3-4340-9d37-d41e42b9d14a/84e3f670-2501-4c2c-8fad-d22a7e6237ca/300x300.jpg
Nos sélections,85597f81-ef62-45c7-bcdc-23859e622174,MPX_2563754,Monoprix Cheddar rouge râpé 140g,2.89,20.64,"['Nos sélections', 'Inspiration du moment', '& Frigo vide', 'Produits laitiers et Œufs']",Monoprix,True,False,false,3.0,WEEK,140g,[],https://courses.monoprix.fr/images-v3/0c44253f-c4a3-4340-9d37-d41e42b9d14a/47e9c30c-82f6-4bbf-8c8d-27e1b713d1bd/300x300.jpg
Nos sélections,2a3c74e0-1dff-4c10-9371-647dc16dc625,MPX_1878528,Monoprix Bio Riz Basmati 500G,2.49,4.98,"['Epicerie Salée', 'Pâte, Riz, Céréale et Purée', 'Pâte, Riz, Purée et Légume sec bio']",Monoprix Bio,True,False,false,6.0,MONTH,500g,['Produit bio'],https://courses.monoprix.fr/images-v3/0c44253f-c4a3-4340-9d37-d41e42b9d14a/5bae1e73-3081-4280-93cb-fc6d0bedad60/300x300.jpg
Nos sélections,721ddfd9-2778-45b8-ac10-0cc805debaa1,MPX_1111606,Monoprix Bio beurre moule doux 250g,3.59,14.36,"['Bio', 'Crèmerie bio', 'Beurre bio']",Monoprix Bio,True,False,false,2.0,WEEK,250g,['Produit bio'],https://courses.monoprix.fr/images-v3/0c44253f-c4a3-4340-9d37-d41e42b9d14a/47709539-751a-495a-abc5-8245d5085808/300x300.jpg
Nos sélections,b5d95fbf-ba93-4356-9499-713ea30fc438,MPX_962396,Monoprix Pistaches entières grillées salées 125g,2.99,23.92,"['Epicerie Salée', 'Produit apéritif', 'Cacahuète, Noix, Amande et Pistache', 'Amande et Pistache']",Monoprix,True,False,false,2.0,MONTH,125g,[],https://courses.monoprix.fr/images-v3/0c44253f-c4a3-4340-9d37-d41e42b9d14a/4ee81765-4241-4577-8737-cce577a55552/300x300.jpg
Nos sélections,abb1a76a-f961-4a28-a2db-4a291f538cb7,MPX_93960,Poivron tricolore 500g - Catégorie 1,1.99,3.98,"['Fruits & Légumes', 'Légumes Frais', 'Aubergines, Courgettes et Poivrons', 'Poivron']",Monoprix,True,False,false,3.0,DAY,500g,[],https://courses.monoprix.fr/images-v3/0c44253f-c4a3-4340-9d37-d41e42b9d14a/436e9170-cc88-4739-97c6-33f317a98d31/300x300.jpg
Nos sélections,d3a856d3-de7c-487e-b1ea-a77e12b2d069,MPX_1934045,Florette Salade Mâche 125g,1.99,15.92,"['Fruits & Légumes', 'Prêts à consommer', 'Salades']",Florette,True,False,false,2.0,DAY,125g,[],https://courses.monoprix.fr/images-v3/0c44253f-c4a3-4340-9d37-d41e42b9d14a/ea88eb2c-8e9c-4e7a-af65-a182592e23f1/300x300.jpg
Nos sélections,365aba98-37b9-4853-8bdc-039ef2f8a5a9,MPX_2247192,Monoprix bio boeuf bio hachée 5% 350g,7.79,22.26,"['Bio', 'Boucherie et Volaille bio', 'Boucherie bio']",Monoprix Bio,True,False,false,2.0,DAY,350g,[],https://courses.monoprix.fr/images-v3/0c44253f-c4a3-4340-9d37-d41e42b9d14a/80942a30-a531-4e64-97b8-052592dccc48/300x300.jpg
Nos sélections,ea800f68-6412-4e2c-b266-a49f18b31155,MPX_2516,Lu Petit Ecolier Petit Beurre Biscuits nappés au Chocolat Noir 150g,1.89,12.6,"['Nos sélections', 'Boutique Enfants', 'Pour le goûter de vos enfants', 'Biscuit et Goûter']",Petit écolier,True,False,false,2.0,MONTH,150g,[],https://courses.monoprix.fr/images-v3/0c44253f-c4a3-4340-9d37-d41e42b9d14a/802a4911-773d-4693-bc07-11c9346906f5/300x300.jpg
Nos sélections,90eb904f-9f7f-4cdc-864e-7483fe5bdb3d,MPX_1758674,Poivrons Mixte Bio 500g,3.49,6.98,"['Bio', 'Fruit et Légume bio', 'Légume frais bio']",-,True,False,false,2.0,DAY,500g,['Produit bio'],https://courses.monoprix.fr/images-v3/0c44253f-c4a3-4340-9d37-d41e42b9d14a/5cd4ef34-685c-4ce2-b52c-53931b2cbbde/300x300.jpg
Nos sélections,169a0c7d-c730-4297-be99-8964a1f501ad,MPX_881216,Monoprix Bio Yaourt nature au lait entier bio 4X125g,1.25,2.5,"['Bio', 'Crèmerie bio', 'Yaourt bio']",Monoprix Bio,True,False,false,1.0,WEEK,4 x 125g,['Produit bio'],https://courses.monoprix.fr/images-v3/0c44253f-c4a3-4340-9d37-d41e42b9d14a/6982d80e-39ef-436f-9be0-d0b3dc9623b4/300x300.jpg
Nos sélections,fbefbe21-ba40-4182-8d1f-193fcca746a8,MPX_6602101,Lustucru gnocchi a poêler format maxi 520g,2.99,5.75,"['Nos sélections', 'Inspiration du moment', '& Sélection gros formats', 'Boucherie et Charcuterie']",Lustucru,True,False,false,1.0,WEEK,520g,[],https://courses.monoprix.fr/images-v3/0c44253f-c4a3-4340-9d37-d41e42b9d14a/ebbd29ac-cd54-4bc0-8c6f-25f9b947f435/300x300.jpg
Nos sélections,bd9e9cbe-9350-4457-bcd2-8a2e2ddc4b65,MPX_2534920,Bio Champignon Blond 200G,2.6,13.0,"['Nos sélections', 'Inspiration du moment', '& Barbecue', 'Légumes']",-,True,False,false,1.0,DAY,200g,['Produit bio'],https://courses.monoprix.fr/images-v3/0c44253f-c4a3-4340-9d37-d41e42b9d14a/30024aca-dc44-41b5-bef1-e1b590b654f5/300x300.jpg
Nos sélections,7b7765bd-edd5-4980-90a2-8b1beec442ed,MPX_2494787,Monoprix Gourmet Pain au seigle 500g,2.99,5.98,"['Pain et Viennoiserie', 'Toast, Canapé et Blini', ""Pain d'épice""]",Monoprix Gourmet,True,False,false,2.0,WEEK,500g,[],https://courses.monoprix.fr/images-v3/0c44253f-c4a3-4340-9d37-d41e42b9d14a/e56ad49e-2b50-4fab-a7eb-1a3a211d4977/300x300.jpg
Nos sélections,d57c7b91-2f77-498a-8489-ab50650b5290,MPX_3292506,Bonduelle Pois Chiches Cuits Dans Très Peu De Jus 265G,1.65,6.23,"['Nos sélections', 'Inspiration du moment', '& Tout pour faire sa salade', 'Epicerie salée']",Bonduelle,True,False,false,1.0,YEAR,265g,['Produit vegan'],https://courses.monoprix.fr/images-v3/0c44253f-c4a3-4340-9d37-d41e42b9d14a/c1811d1d-5e20-4f81-8e8d-02384c4c9d10/300x300.jpg
Nos sélections,248ecbb4-1775-4d51-b013-3f482b3aa271,MPX_2650377,Avocat Hass x2,3.99,2.0,"['Fruits & Légumes', 'Légumes Frais', 'Avocats, Concombres et Radis', 'Avocat']",Monoprix,True,False,false,2.0,DAY,2 par pack,[],https://courses.monoprix.fr/images-v3/0c44253f-c4a3-4340-9d37-d41e42b9d14a/067ca321-b15c-4710-a012-2c7f2fc5bb85/300x300.jpg
Nos sélections,d2a37aa6-0aa8-4af5-aee4-45264d8697c7,MPX_1111770,Monoprix riz basmati parfumé 500g,1.89,3.78,"['Nos recettes', 'Recettes de Chefs', '&Danny Khezzar - Recette poulet sauce poulette au Beurre ail et persil']",Monoprix,True,False,false,6.0,MONTH,500g,[],https://courses.monoprix.fr/images-v3/0c44253f-c4a3-4340-9d37-d41e42b9d14a/5e86e8e6-be15-42c8-939a-bc821a24b89f/300x300.jpg
Nos sélections,d808eaa5-4660-47aa-8f3d-1ab54723c73d,MPX_2294987,Nutella Pâte à tartiner 825g,6.65,8.06,"['Nos sélections', 'Nos marques du moment', ""Promogaming Fin d'année 2024""]",Nutella,True,False,false,2.0,MONTH,825g,[],https://courses.monoprix.fr/images-v3/0c44253f-c4a3-4340-9d37-d41e42b9d14a/34741d94-c6d5-4590-b9d4-92cd003e88d7/300x300.jpg
Nos sélections,bbe609b0-4526-46eb-8913-378e7a3fe4d6,MPX_181195,Lu Lulu L'Ourson Gâteaux fourrés au Chocolat 150g,1.65,11.0,"['Nos sélections', 'Boutique Enfants', 'Pour le goûter de vos enfants', 'Biscuit et Goûter']",LU,True,False,false,1.0,MONTH,150g,[],https://courses.monoprix.fr/images-v3/0c44253f-c4a3-4340-9d37-d41e42b9d14a/50177709-9522-42cc-96ba-112d1b122530/300x300.jpg
Nos sélections,457289b8-7b92-4159-902d-d1fd835baa65,MPX_75619,Monoprix Steaks Hachés Pur Bœuf Bio 2X125G,4.69,18.76,"['Bio', 'Boucherie et Volaille bio', 'Boucherie bio']",Monoprix Bio,True,False,false,2.0,DAY,250g,['Produit bio'],https://courses.monoprix.fr/images-v3/0c44253f-c4a3-4340-9d37-d41e42b9d14a/bc915a35-974f-47e8-9665-045e44342778/300x300.jpg
Nos sélections,e546a230-1f54-49d4-895e-63e0e5eba980,MPX_3221709,Monoprix Bébé Maxi rectangles cotons 2x80,2.99,2.99,"['Nos sélections', 'Inspiration du moment', '& Sélection gros formats', 'Hygiène et Beauté']",Monoprix Bébé,True,False,false,,,,[],https://courses.monoprix.fr/images-v3/0c44253f-c4a3-4340-9d37-d41e42b9d14a/8530357a-0612-4ab4-bbe1-51a6331c3e69/300x300.jpg
Nos sélections,bb746585-1150-48d0-b691-a0cc0c4e1726,MPX_2560380,Monoprix Gourmet Coppa Echine de Porc Sèche 80g,2.75,34.38,"['Nos sélections', 'Inspiration du moment', 'Sélection Charcuterie et Fromage']",Monoprix Gourmet,True,False,false,3.0,WEEK,80g,[],https://courses.monoprix.fr/images-v3/0c44253f-c4a3-4340-9d37-d41e42b9d14a/1057091f-8718-47d0-8529-c1339e4c0e8f/300x300.jpg
Nos sélections,d3263597-b6e9-4b70-a416-81b17d32795d,MPX_2279729,Monoprix Gourmet Burrata 250g,5.29,21.16,"['Nos sélections', 'Inspiration du moment', '& Le Coin du marché', 'Fromage']",Monoprix Gourmet,True,False,false,4.0,DAY,250g,[],https://courses.monoprix.fr/images-v3/0c44253f-c4a3-4340-9d37-d41e42b9d14a/c6e4c39d-03a1-4648-b6ed-ad0ba716e3ed/300x300.jpg
Nos sélections,7de7578a-c71a-49b7-ae76-8a31c057d027,MPX_2414119,Monoprix Rosette 100g,1.22,12.2,"['Charcuterie et Traiteur', 'Charcuterie', 'Charcuterie sèche tranchée', 'Rosette, Saucisson et Chorizo']",Monoprix,True,False,false,4.0,WEEK,100g,[],https://courses.monoprix.fr/images-v3/0c44253f-c4a3-4340-9d37-d41e42b9d14a/1e55829f-aa6d-4bde-8099-4e9ab77f9798/300x300.jpg
Nos sélections,f2db4bd1-283d-41f6-a60c-a2540567a596,MPX_2507954,Monoprix Gourmet Jambon Au Torchon 240G,6.45,26.88,"['Nos sélections', 'Inspiration du moment', '& Le Coin du marché', 'Charcuterie']",Monoprix Gourmet,True,False,false,1.0,WEEK,240g,[],https://courses.monoprix.fr/images-v3/0c44253f-c4a3-4340-9d37-d41e42b9d14a/3d3add52-14b8-4b3a-b16f-9bf549469844/300x300.jpg
Nos sélections,8ca50532-0804-4147-a32e-f92cb7c15d68,MPX_873272,Citron Vert 500g Catégorie 1,2.49,4.98,"['Fruits & Légumes', 'Fruits Frais', 'Agrumes', 'Citron']",Monoprix,True,False,false,4.0,DAY,500g,[],https://courses.monoprix.fr/images-v3/0c44253f-c4a3-4340-9d37-d41e42b9d14a/2f9c2741-830d-4b6f-8468-6f0da0107d45/300x300.jpg
Nos sélections,9951b3df-cc4c-49b7-b7b1-2444327d64fe,MPX_3379568,Cassegrain Ratatouille Cuisinée à La Provençale 380g,3.55,9.34,"['Nos sélections', 'Boutique Enfants', 'Repas facile pour les enfants', 'Repas']",Cassegrain,True,False,false,6.0,MONTH,380g,['Produit vegan'],https://courses.monoprix.fr/images-v3/0c44253f-c4a3-4340-9d37-d41e42b9d14a/4eda169b-44d5-43f6-aa41-db8a4333d642/300x300.jpg
Nos sélections,9c6f769f-3d5c-481f-94a3-97af7fec27b9,MPX_1480,Cassegrain Haricots Verts Extra-Fins Cueillis & Rangés Main 390g,3.95,10.13,"['Nos sélections', 'Boutique Enfants', 'Repas facile pour les enfants', 'Repas']",Cassegrain,True,False,false,1.0,YEAR,390g,['Produit vegan'],https://courses.monoprix.fr/images-v3/0c44253f-c4a3-4340-9d37-d41e42b9d14a/5f1a490b-45f2-4143-a8ff-550ef3beaa9a/300x300.jpg
Nos sélections,4158d74c-1b93-40c7-8512-4aa253b27a6a,MPX_2153991,Pomme Juliet Bio x4 Catégorie 2,3.49,0.87,"['Bio', 'Fruit et Légume bio', 'Fruit frais bio']",-,True,False,false,3.0,DAY,4 par pack,['Produit bio'],https://courses.monoprix.fr/images-v3/0c44253f-c4a3-4340-9d37-d41e42b9d14a/92f04dfb-e4f0-4e0c-b6c4-0cd4d1b5a711/300x300.jpg
Nos sélections,bd490763-241a-4fc2-83b2-301df7db658b,MPX_22920,Lu Petit Ecolier Tendre Cœur Biscuits nappés au Chocolat au lait 120g,2.39,19.92,"['Nos sélections', 'Boutique Enfants', 'Pour le goûter de vos enfants', 'Biscuit et Goûter']",Petit écolier,True,False,false,1.0,MONTH,120g,[],https://courses.monoprix.fr/images-v3/0c44253f-c4a3-4340-9d37-d41e42b9d14a/5fc9b0c8-a1c3-4f2a-97d0-a48eb95033ac/300x300.jpg
Nos sélections,b14ba93f-912b-4f7d-95ae-939b0f1a6107,MPX_1178904,Monoprix Chips à L'Ancienne Nature 6x30g,2.15,11.94,"['Epicerie Salée', 'Produit apéritif', 'Chips et Biscuit Apéritif', 'Chips']",Monoprix,True,False,false,1.0,MONTH,6 x 30g,[],https://courses.monoprix.fr/images-v3/0c44253f-c4a3-4340-9d37-d41e42b9d14a/941d609c-e7db-44d8-a440-3d1e0e652a48/300x300.jpg
Nos sélections,ac54b488-324d-4a82-8370-20347bebaef3,MPX_65245,Candia - Grandlait - Lait frais demi écrémé de montagne - la bouteille de 1L,1.75,1.75,"['Boissons et Lait', 'Lait', 'Lait frais']",Grandlait,True,False,false,1.0,WEEK,1L,[],https://courses.monoprix.fr/images-v3/0c44253f-c4a3-4340-9d37-d41e42b9d14a/97cc2bd0-3f4b-4e5d-8a85-3f2542d39c55/300x300.jpg
Nos sélections,ec6b2936-4a88-400a-8d76-732c5f22b56e,MPX_1653556,Monoprix roquette 100g,1.99,19.9,"['Fruits & Légumes', 'Prêts à consommer', 'Salades']",Monoprix,True,False,false,2.0,DAY,100g,[],https://courses.monoprix.fr/images-v3/0c44253f-c4a3-4340-9d37-d41e42b9d14a/2b2a5f61-7b16-404b-9327-70e8254136ee/300x300.jpg
Nos sélections,b8fe1177-17e8-4731-887e-9fbadbcd1999,MPX_1739796,Monoprix Bio Petit Beurre au chocolat noir 150g,1.99,13.27,"['Nos sélections', 'Boutique Enfants', 'Pour le goûter de vos enfants', 'Biscuit et Goûter']",Monoprix Bio,True,False,false,2.0,MONTH,150g,['Produit bio'],https://courses.monoprix.fr/images-v3/0c44253f-c4a3-4340-9d37-d41e42b9d14a/b52af601-e1be-43f5-b791-8a9a6485f489/300x300.jpg
Nos sélections,dc0eb167-ff5c-4a1d-af22-305ca93a5ffd,MPX_877094,Monoprix 10 Pains au lait aux oeufs frais 350g,1.29,3.69,"['Pain et Viennoiserie', 'Pain au lait et Brioche', 'Pain au lait']",Monoprix,True,False,false,1.0,WEEK,350g,[],https://courses.monoprix.fr/images-v3/0c44253f-c4a3-4340-9d37-d41e42b9d14a/dc7acb70-c8d1-4125-8e90-b435f214ef05/300x300.jpg
Nos sélections,809e5133-159b-46b4-b202-5ba260093a77,MPX_2785803,Epinard Jeunes Pousses 125 G,1.3,1.3,"['Nos recettes', 'Recettes du Monde', ""& Chakchouka d'hiver aux épinars fenouil et pois chiches""]",-,True,False,false,2.0,DAY,,[],https://courses.monoprix.fr/images-v3/0c44253f-c4a3-4340-9d37-d41e42b9d14a/a7c59946-bfd8-4e36-a2a4-8544ff431fcf/300x300.jpg
Nos sélections,4d79676e-a6d1-486d-b3de-67cf47eadd63,MPX_1250899,Monoprix Fromage à tartiner nature 150g,0.89,5.93,"['Nos sélections', 'Inspiration du moment', '& Notre sélection brunch', 'Fromage']",Monoprix,True,False,false,1.0,MONTH,150g,[],https://courses.monoprix.fr/images-v3/0c44253f-c4a3-4340-9d37-d41e42b9d14a/427585c6-6b98-49f2-934b-afdd1a2841e2/300x300.jpg
Nos sélections,33496511-561a-402c-b7cb-61a22b2274af,MPX_4419983,Monoprix Gourmet Viande Hachée race limousine 12% MG Label Rouge 300g,5.69,18.97,"['Boucherie et Volaille', 'Boucherie', 'Boucherie à la coupe']",Monoprix Gourmet,True,False,false,3.0,DAY,300g,[],https://courses.monoprix.fr/images-v3/0c44253f-c4a3-4340-9d37-d41e42b9d14a/e74eec3c-caff-434c-ae19-eeb8a3f3c3b3/300x300.jpg
Nos sélections,c00a8192-5f59-441f-9a3a-052ddae21bd9,MPX_570573,Monoprix Gourmet Crème fraîche d'Isigny épaisse 20cl,2.09,10.45,"['Nos régions de France', 'Normandie', 'Les marques de la région']",Monoprix Gourmet,True,False,false,1.0,WEEK,200ml,[],https://courses.monoprix.fr/images-v3/0c44253f-c4a3-4340-9d37-d41e42b9d14a/b6de0a28-d6e6-41a3-ac73-c12c103db228/300x300.jpg
Nos sélections,585768ea-c2d0-42e5-a341-907fc23a0cc5,MPX_2005639,Monoprix Bio Mâche sachet de 125g,2.49,19.92,"['Bio', 'Fruit et Légume bio', 'Légume frais bio']",Monoprix Bio,True,False,false,2.0,DAY,125g,['Produit bio'],https://courses.monoprix.fr/images-v3/0c44253f-c4a3-4340-9d37-d41e42b9d14a/5b21afa4-b74e-4540-972e-811b5ecca195/300x300.jpg
Nos sélections,2eb620e7-9bba-4c73-b092-40988116e7c2,MPX_2261477,C'Zon oignon blanc 100g,2.35,23.5,"['Fruits & Légumes', 'Légumes Frais', 'Ail, Oignons et Echalotes', 'Oignon']",C'zon,True,False,false,2.0,DAY,100g,"['Produit végétarien', 'Produit vegan']",https://courses.monoprix.fr/images-v3/0c44253f-c4a3-4340-9d37-d41e42b9d14a/76d67e1e-98bf-48ae-9beb-db173b22c12f/300x300.jpg
Nos sélections,8a38e010-7a59-4e73-8da7-7097bac6dc30,MPX_888688,Citterio Taglio Fresco Jambon Cuit Grancotto Di Vignola 150G,5.15,34.33,"['Produits du monde', 'Italie - Italia', 'Mortadelle, Saucisson et Jambon cru']",CITTERIO FRANCE,True,False,false,1.0,WEEK,150g,[],https://courses.monoprix.fr/images-v3/0c44253f-c4a3-4340-9d37-d41e42b9d14a/84d01aac-6c88-46ee-9e05-a3b0bbab6d8c/300x300.jpg
Nos sélections,3aca799e-3c7f-4cd7-b576-11cc018291f6,MPX_1962366,Monoprix Riz basmati naturellement parfumé 1 kg,2.99,2.99,"['Nos recettes', 'Recettes de Saisons', '& Saumon au Fenouil et Pamplemousse']",Monoprix,True,False,false,6.0,MONTH,1kg,[],https://courses.monoprix.fr/images-v3/0c44253f-c4a3-4340-9d37-d41e42b9d14a/2fe9f323-d0b3-454c-bdd5-d13f4eda9195/300x300.jpg
Nos sélections,bcf3b4d8-fb34-4f05-b1f1-3eba05dd8655,MPX_580358,Monoprix Sainte Maure Fromage de chèvre 200g,2.19,10.95,"['Nos sélections', 'Inspiration du moment', 'Nos coups de coeur Origine France']",Monoprix,True,False,false,2.0,WEEK,200g,[],https://courses.monoprix.fr/images-v3/0c44253f-c4a3-4340-9d37-d41e42b9d14a/3e0915d0-cfb2-4468-91a0-cadcf883d749/300x300.jpg
Nos sélections,f0fe2b4f-51ae-4bb6-a530-c19ced8762d3,MPX_123287,Monoprix crème fraîche entier 30% 50cl,1.95,3.9,"['Nos sélections', 'Inspiration du moment', '& Frigo vide', 'Produits laitiers et Œufs']",Monoprix,True,False,false,1.0,WEEK,500ml,[],https://courses.monoprix.fr/images-v3/0c44253f-c4a3-4340-9d37-d41e42b9d14a/c6df3a09-4e3d-4744-8943-8080605d1910/300x300.jpg
Nos sélections,0602508e-5971-466d-b93d-139332dc58f4,MPX_3599265,Monoprix Jambon Cuit 4 Tranches Avec Couenne 160g,1.99,12.44,"['Nos sélections', 'Inspiration du moment', '& Le Coin du marché', 'Charcuterie']",Monoprix,True,False,false,1.0,WEEK,160g,[],https://courses.monoprix.fr/images-v3/0c44253f-c4a3-4340-9d37-d41e42b9d14a/5ec7d4b4-fab1-4405-9a2c-56d0ce53251f/300x300.jpg
Nos sélections,e85f4295-e5c3-4281-b243-e820f9441fa9,MPX_799423,Monoprix Muffins Complets Recette Anglaise 250G,2.49,9.96,"['Nos sélections', 'Inspiration du moment', '& Notre sélection brunch', 'Pains']",Monoprix,True,False,false,1.0,WEEK,250g,[],https://courses.monoprix.fr/images-v3/0c44253f-c4a3-4340-9d37-d41e42b9d14a/4cdd9271-f320-492a-a08d-99d4f08ea46e/300x300.jpg
Nos sélections,98a68afe-0c6f-45f7-910d-ab9718ae6838,MPX_2775326,St Moret Le Goût Primeur Barquette Nature 140g,2.69,19.21,"['Produits Laitiers, Œufs et Fromages', 'Fromages à cuisiner, raclettes et apéritifs', 'Fromages à tartiner']",Saint moret,True,False,false,2.0,WEEK,140g,[],https://courses.monoprix.fr/images-v3/0c44253f-c4a3-4340-9d37-d41e42b9d14a/77cad88e-7bb8-45b4-9e51-80f03c609b45/300x300.jpg
Nos sélections,affdd363-2057-4699-a5ce-120bac5465ba,MPX_1860207,Monoprix Bio Haricots Vert très fins 600g,1.85,3.08,"['Surgelés', 'Légumes surgelés', 'Légumes surgelés bio']",Monoprix Bio,True,False,false,2.0,MONTH,600g,"['Produit congelé', 'Produit bio']",https://courses.monoprix.fr/images-v3/0c44253f-c4a3-4340-9d37-d41e42b9d14a/0f9e17b7-fa33-47fe-953c-009b45640e76/300x300.jpg
Nos sélections,f34c5bc2-4ff3-4855-82b6-a8a20b4b9bf0,MPX_1118630,Monoprix Poitrine Fumée Sans Couenne 120G,1.95,16.25,"['Nos sélections', 'Inspiration du moment', '& Notre sélection brunch', 'Charcuterie']",Monoprix,True,False,false,1.0,WEEK,120g,[],https://courses.monoprix.fr/images-v3/0c44253f-c4a3-4340-9d37-d41e42b9d14a/f4c799ca-bf08-4ede-8ed1-3708582f8ac1/300x300.jpg
Nos sélections,05ed4ff1-ac08-4989-9a59-77f0886b290c,MPX_898676,Monoprix Bio Emmental râpé bio 100g,2.09,20.9,"['Bio', 'Crèmerie bio', 'Fromage bio']",Monoprix Bio,True,False,false,2.0,WEEK,100g,['Produit bio'],https://courses.monoprix.fr/images-v3/0c44253f-c4a3-4340-9d37-d41e42b9d14a/7931b058-8b97-4683-be68-395bea99d348/300x300.jpg
Nos sélections,6ec99c42-f568-4617-b9b7-16559ee67020,MPX_3254479,Danonino Petits Suisses Aux Fruits 12x50g,2.99,4.98,"['Nos sélections', 'Inspiration du moment', '& Sélection gros formats', 'Crèmerie']",Danonino,True,False,false,1.0,WEEK,12 x 50g,[],https://courses.monoprix.fr/images-v3/0c44253f-c4a3-4340-9d37-d41e42b9d14a/4bb529f8-79bc-4ded-a85d-ff8d546f4450/300x300.jpg
Nos sélections,a686e24e-56da-492c-9c30-eda6b9d37df2,MPX_4199218,Monoprix Blanc de Poulet 4 tranches 160g,1.75,10.94,"['Charcuterie et Traiteur', 'Charcuterie', 'Charcuterie de volaille', 'Blanc de volaille']",Monoprix,True,False,false,1.0,WEEK,160g,[],https://courses.monoprix.fr/images-v3/0c44253f-c4a3-4340-9d37-d41e42b9d14a/167d7972-451b-4cb6-900f-b91d84c56d22/300x300.jpg
Nos sélections,5b7417f5-c381-40ef-a12f-e6343991c7f3,MPX_1818135,Monoprix Bio Sauce tomates basilic sans sucres ajoutés bio 200g,1.69,8.45,"['Nos sélections', 'Boutique Enfants', 'Repas facile pour les enfants', 'Repas']",Monoprix Bio,True,False,false,1.0,YEAR,200g,['Produit bio'],https://courses.monoprix.fr/images-v3/0c44253f-c4a3-4340-9d37-d41e42b9d14a/08d3856c-2779-4c7d-b2f7-5afaf0dfc09e/300x300.jpg
Nos sélections,249d5181-f131-4bcf-997a-31f45a22c28d,MPX_1456384,"Monoprix Jus orange sans pulpe 100% fruit pressé 1,5L",2.35,1.57,"['Boissons et Lait', 'Jus et Sirop', ""Jus d'orange""]",Monoprix,True,False,false,1.0,MONTH,1.5L,[],https://courses.monoprix.fr/images-v3/0c44253f-c4a3-4340-9d37-d41e42b9d14a/9fc6e175-08a0-45ff-806f-78bd8d3592dc/300x300.jpg
Nos sélections,1a8783ce-0fef-48cc-b206-0dee9d500901,MPX_3418276,Monoprix Gourmet Pâte Feuilletée 230g,1.95,8.48,"['Noël', 'Menu des fêtes', 'Les Plats et Accompagnements', 'Les Accompagnements']",Monoprix Gourmet,True,False,false,1.0,WEEK,230g,[],https://courses.monoprix.fr/images-v3/0c44253f-c4a3-4340-9d37-d41e42b9d14a/adc839cb-f603-449e-8336-9b9ab15c89fa/300x300.jpg
Nos sélections,e089ea50-1d21-4dc8-a64d-a41fb230da29,MPX_2454202,Monoprix Lait Demi Ecrémé 6x50cl,4.25,1.42,"['Boissons et Lait', 'Lait', 'Lait UHT demi-écrémé']",Monoprix,True,False,false,1.0,MONTH,6 x 50cl,[],https://courses.monoprix.fr/images-v3/0c44253f-c4a3-4340-9d37-d41e42b9d14a/60e7e09e-b274-4d43-8a5d-e04b8f0fa642/300x300.jpg
Nos sélections,77b1934f-baa5-4253-93c1-56a7ce210c34,MPX_2838425,Herta pâte à pizza fine et rectangulaire 390g,2.25,5.77,"['Nos sélections', 'Inspiration du moment', '& Tout pour faire sa pizza', 'Pâte à pizza']",Herta,True,False,false,1.0,WEEK,390g,[],https://courses.monoprix.fr/images-v3/0c44253f-c4a3-4340-9d37-d41e42b9d14a/40c6f057-39ef-46a5-8af4-123cb2472d21/300x300.jpg
Nos sélections,9ae45554-9981-4ba7-a60c-9d73b9843767,MPX_2520541,Rummo Pâtes Farfalle N°85 500g,2.49,4.98,"['Produits du monde', 'Italie - Italia', 'Pâtes, Riz et Risotto']",Rummo,True,False,false,1.0,YEAR,500g,[],https://courses.monoprix.fr/images-v3/0c44253f-c4a3-4340-9d37-d41e42b9d14a/287f0c7f-e9b8-4ebe-b8b9-d90907cfb0bd/300x300.jpg
Nos sélections,1231c643-0426-4049-bf96-c720e4550b57,MPX_1538384,Galbani Mozzarella Mini Billes 150g,3.29,21.93,"['Produits Laitiers, Œufs et Fromages', 'Fromages à cuisiner, raclettes et apéritifs', 'Mozza, Feta et Burrata']",Galbani,True,False,false,1.0,WEEK,150g,[],https://courses.monoprix.fr/images-v3/0c44253f-c4a3-4340-9d37-d41e42b9d14a/c3e3540f-65dd-40cb-8deb-8784ac375de8/300x300.jpg
Nos sélections,bbbdf4e5-d00d-4567-b8a0-2521cb3f500c,MPX_3267631,Villani Chiffonnade De Jambon Cru Pastorello. 12 Mois. Sans Conservateur,4.25,53.13,"['Produits du monde', 'Italie - Italia', 'Mortadelle, Saucisson et Jambon cru']",VILLANI,True,False,false,2.0,WEEK,80g,[],https://courses.monoprix.fr/images-v3/0c44253f-c4a3-4340-9d37-d41e42b9d14a/052f09ba-51a3-453d-8430-208193ba8112/300x300.jpg
Noël,1dba5050-5313-466b-b023-2dbaa986db81,MPX_2824382,Kinder Calendrier De L'avent Chalet 184g,10.39,56.47,"['Noël', ""Calendriers de l'Avent"", 'Chocolats']",KINDER,True,False,false,2.0,WEEK,184g,[],https://courses.monoprix.fr/images-v3/0c44253f-c4a3-4340-9d37-d41e42b9d14a/f297df71-a79c-4481-8cbd-aecbc6ee761e/300x300.jpg
Noël,980a2a67-036c-4e9d-811d-ef9cf34076e8,MPX_3046976,Atelier Blini Houmous Bio 160G,4.49,28.06,"['Epicerie Salée', 'Produit apéritif', 'Tartinable et Produit de la Mer', 'Houmous et Tarama']",Atelier Blini,True,False,false,6.0,DAY,160g,['Produit bio'],https://courses.monoprix.fr/images-v3/0c44253f-c4a3-4340-9d37-d41e42b9d14a/a06fb829-04b3-4258-8e98-14f84b53738e/300x300.jpg
Noël,70f249b2-6165-4ff7-b709-135256d6a7bf,MPX_145069,Blini Tarama aux œufs de cabillaud 100g,1.59,15.9,"['Epicerie Salée', 'Produit apéritif', 'Tartinable et Produit de la Mer', 'Houmous et Tarama']",Blini,True,False,false,1.0,WEEK,100g,[],https://courses.monoprix.fr/images-v3/0c44253f-c4a3-4340-9d37-d41e42b9d14a/8fe9fe58-e803-4bfc-9f95-cff6e3cbf837/300x300.jpg
Noël,b6de8d59-d740-40ce-ade9-7792d5331bc8,MPX_2639112,Mouton Cadet Bordeaux  Rouge AOP 75cl,10.99,14.65,"['Noël', 'Les offres de Noël', 'Nos offres sur la cave']",Mouton cadet,True,False,false,,,75cl,[],https://courses.monoprix.fr/images-v3/0c44253f-c4a3-4340-9d37-d41e42b9d14a/5f8c1264-d715-4adf-9ee9-aa24cbcd35df/300x300.jpg
Noël,7fe72a88-d66c-4984-b483-b72f66fe707d,MPX_2810993,Champagne Nicolas Feuillatte Grande Réserve Brut 75 Cl,25.9,34.53,"['Noël', 'Promos de Noël', ""Promos repas festif,\xa0jusqu'à 50% sur le 2ème sur une sélection festive""]",Nicolas Feuillate,True,False,false,,,75cl,[],https://courses.monoprix.fr/images-v3/0c44253f-c4a3-4340-9d37-d41e42b9d14a/3e2e55d2-5fcd-4110-afd9-b764c04fd9e9/300x300.jpg
Noël,c43bffaa-555b-4f2d-b061-658e8d8dc551,MPX_1704199,"Luna Argenta Italie - Prosecco, Brut 75Cl",8.9,11.87,"['Produits du monde', 'Italie - Italia', 'Boissons']",LUNA ARGENTA,True,False,false,,,750ml,[],https://courses.monoprix.fr/images-v3/0c44253f-c4a3-4340-9d37-d41e42b9d14a/161fc605-5d26-471c-bb0f-78e33e9850b5/300x300.jpg
Noël,f50eefd4-76e2-4db8-bd4e-bccefd80e7fb,MPX_954848,"Devaux Champagne AOP, Brut, Blanc de Noirs 75cl",27.9,37.2,"['Noël', 'Promos de Noël', ""Promos repas festif,\xa0jusqu'à 50% sur le 2ème sur une sélection festive""]",Devaux,True,False,false,,,750ml,[],https://courses.monoprix.fr/images-v3/0c44253f-c4a3-4340-9d37-d41e42b9d14a/90728079-5a4d-40d5-8a22-641f55ff5dfd/300x300.jpg
Noël,ae504656-0405-4bec-96da-b1681bdd7d7a,MPX_3612206,"Atelier Blini, Blinis Bio X8 160G",3.19,19.94,"['Pain et Viennoiserie', 'Toast, Canapé et Blini', 'Blini']",Atelier blini,True,False,false,1.0,WEEK,160g,['Produit bio'],https://courses.monoprix.fr/images-v3/0c44253f-c4a3-4340-9d37-d41e42b9d14a/51d25696-96f5-48eb-b9c3-788dfa1f9c1a/300x300.jpg
Noël,c2d22d5f-0bca-4aea-9fc1-703e6ee4dca8,MPX_1761994,Château Sainte Marie Réserve Bordeaux Supérieur Rouge 75Cl,6.5,8.67,"['Noël', 'Les offres de Noël', 'Nos offres sur la cave']",Château Sainte Marie,True,False,false,,,75cl,[],https://courses.monoprix.fr/images-v3/0c44253f-c4a3-4340-9d37-d41e42b9d14a/45011506-3753-4f24-a404-536ca25ea3d5/300x300.jpg
Noël,352ca61a-32cc-4b13-a5e7-fc20b9a2d464,MPX_2849654,Atelier blini tzatziki le pot de 200 g,2.85,14.25,"['Epicerie Salée', 'Produit apéritif', 'Tartinable et Produit de la Mer', 'Tapenade et Autre Tartinable']",Blini,True,False,false,1.0,WEEK,200g,[],https://courses.monoprix.fr/images-v3/0c44253f-c4a3-4340-9d37-d41e42b9d14a/bef2e6ac-c734-4fdd-85fc-afa809697e27/300x300.jpg
Noël,bcaaf440-5f7a-4cb5-9adb-5dfcb44fb7fe,MPX_2687270,Monoprix Gourmet Comté Aop Env. 200/300G,5.73,22.9,"['Noël', 'Promos de Noël', ""Promos repas festif,\xa0jusqu'à 50% sur le 2ème sur une sélection festive""]",Monoprix Gourmet,True,False,false,1.0,WEEK,250,[],https://courses.monoprix.fr/images-v3/0c44253f-c4a3-4340-9d37-d41e42b9d14a/999a4bad-aa12-4722-9e77-a36a1daa04a6/300x300.jpg
Noël,d579169b-0031-4902-ad77-266fca7b71dc,MPX_1557841,"Merrain Rouge Médoc Aop, Rouge 75cl",9.1,12.13,"['Noël', 'Les offres de Noël', 'Nos offres sur la cave']",MERRAIN ROUGE,True,False,false,,,750ml,[],https://courses.monoprix.fr/images-v3/0c44253f-c4a3-4340-9d37-d41e42b9d14a/5a389617-9cfc-446e-84b9-3858960bf77f/300x300.jpg
Noël,9553088f-ba03-4c5b-a87f-b284f392ca39,MPX_1762187,Lindt Boule Lindor Chocolat Au Lait 200g,6.39,31.95,"['Noël', 'Chocolats de Noël', 'Assortiments de chocolats', 'Lindt']",Lindt,True,False,false,4.0,WEEK,200g,[],https://courses.monoprix.fr/images-v3/0c44253f-c4a3-4340-9d37-d41e42b9d14a/c6fa141f-1f15-482f-a751-6494fac744c1/300x300.jpg
Noël,0935be9d-7422-42b2-bbf2-b1eb969d4db4,MPX_1526006,Blini Houmous 200g,2.69,13.45,"['Epicerie Salée', 'Produit apéritif', 'Tartinable et Produit de la Mer', 'Houmous et Tarama']",Blini,True,False,false,1.0,WEEK,200g,[],https://courses.monoprix.fr/images-v3/0c44253f-c4a3-4340-9d37-d41e42b9d14a/311c90e6-ebf4-4f11-974b-d0c7efb4e04c/300x300.jpg
Noël,bcc3aae2-50e7-4a64-bf8c-112ca780395b,MPX_147467,Le Gaulois Gésiers De Volaille Confits 300G,3.99,13.3,"['Noël', 'Promos de Noël', ""Promos repas festif,\xa0jusqu'à 50% sur le 2ème sur une sélection festive""]",LE GAULOIS,True,False,false,2.0,WEEK,300g,[],https://courses.monoprix.fr/images-v3/0c44253f-c4a3-4340-9d37-d41e42b9d14a/630f263d-aa77-4e54-bdb3-f2eb904413e4/300x300.jpg
Noël,ddf4bbad-1867-4256-a5c7-fe6b0fff5df9,MPX_6672346,Blini Tzatziki 100g,0.99,9.9,"['Noël', 'Promos de Noël', ""Promos repas festif,\xa0jusqu'à 50% sur le 2ème sur une sélection festive""]",Blini,True,False,false,1.0,WEEK,100g,['Produit végétarien'],https://courses.monoprix.fr/images-v3/0c44253f-c4a3-4340-9d37-d41e42b9d14a/8cd84ee0-b97a-4e84-a69b-244fe3322004/300x300.jpg
Noël,a18e880c-538b-44a6-9684-12039b10262f,MPX_1715378,Monoprix Gourmet Foie Gras De Canard Entier 40g,5.49,137.25,"['Charcuterie et Traiteur', 'Charcuterie', 'Pâté, Rillette et Foie gras', 'Foie gras']",Monoprix Gourmet,True,False,false,2.0,WEEK,40g,[],https://courses.monoprix.fr/images-v3/0c44253f-c4a3-4340-9d37-d41e42b9d14a/9d80b3f5-7cee-46d6-9448-2cda59b2c961/300x300.jpg
Noël,dc7a7edc-cb53-476d-8607-fcdf77bad180,MPX_2219257,Lindt Fins Assortiment Chocolats Fourrés Fondant 200g,6.39,31.95,"['Noël', 'Chocolats de Noël', 'Assortiments de chocolats', 'Lindt']",Lindt,True,False,false,2.0,MONTH,200g,[],https://courses.monoprix.fr/images-v3/0c44253f-c4a3-4340-9d37-d41e42b9d14a/ed64f55b-516d-4605-a0d6-797ef91a5141/300x300.jpg
Noël,54887ec3-58dd-4594-aaf0-1bee3295df99,MPX_3070330,Atelier Blini Tzatzíki Bio 160G,4.85,30.31,"['Epicerie Salée', 'Produit apéritif', 'Tartinable et Produit de la Mer', 'Tapenade et Autre Tartinable']",Atelier blini,True,False,false,1.0,WEEK,160g,['Produit bio'],https://courses.monoprix.fr/images-v3/0c44253f-c4a3-4340-9d37-d41e42b9d14a/f81bf640-b0f7-407e-92f2-22786dcf4dce/300x300.jpg
Noël,5b639d4e-67fe-4c40-9d23-ce2d882c0f3c,MPX_1804682,"Devaux Champagne Aop, Rosé 75Cl",27.9,37.2,"['Noël', 'Promos de Noël', ""Promos repas festif,\xa0jusqu'à 50% sur le 2ème sur une sélection festive""]",Devaux,True,False,false,,,750ml,[],https://courses.monoprix.fr/images-v3/0c44253f-c4a3-4340-9d37-d41e42b9d14a/87e9c140-c4ad-4558-9cb4-c780e3af2cfe/300x300.jpg
Noël,0703859b-5bbd-4564-81c7-b7ad79afe8ba,MPX_884035,"Château Grivière Médoc Aop, Rouge 75Cl",11.5,15.33,"['Noël', 'Les offres de Noël', 'Nos offres sur la cave']",Château GRIVIERE ,True,False,false,,,750ml,[],https://courses.monoprix.fr/images-v3/0c44253f-c4a3-4340-9d37-d41e42b9d14a/3654ac71-acdf-4a70-acd7-e4f2d2c7fc59/300x300.jpg
Noël,1f706668-d71d-418a-8020-b6f88ca253b5,MPX_3179652,L'Atelier Blini 16 Blinis Cocktail Bio 135G,3.29,24.37,"['Pain et Viennoiserie', 'Toast, Canapé et Blini', 'Blini']",Atelier de blini,True,False,false,1.0,WEEK,135g,['Produit bio'],https://courses.monoprix.fr/images-v3/0c44253f-c4a3-4340-9d37-d41e42b9d14a/56137beb-c6e9-4f9d-93ad-ef2b2be4efe1/300x300.jpg
Noël,1dd927be-c8e2-4cb3-a357-879351bd8447,MPX_2752619,"Dauvergne Ranvier Aop Bordeaux, Rouge 75Cl",4.99,6.65,"['Noël', 'Les offres de Noël', 'Nos offres sur la cave']",DAUVERGNE RANVIER,True,False,false,,,750ml,[],https://courses.monoprix.fr/images-v3/0c44253f-c4a3-4340-9d37-d41e42b9d14a/f66f8cec-29fe-4a10-8374-1524940cbf6a/300x300.jpg
Noël,a77baf10-54a4-4981-97fc-9851befe0c78,MPX_3729899,Devaux Champagne Blanc De Blancs 75cl,27.9,37.2,"['Noël', 'Promos de Noël', ""Promos repas festif,\xa0jusqu'à 50% sur le 2ème sur une sélection festive""]",Devaux,True,False,false,,,75cl,[],https://courses.monoprix.fr/images-v3/0c44253f-c4a3-4340-9d37-d41e42b9d14a/421b1f95-352e-45b4-82b0-cec7f8018cb6/300x300.jpg
Noël,358a5047-78e7-4b64-9dd5-1607dec3b37c,MPX_1118161,"Château Jean De Bertrand Bordeaux Aop, Rouge 75cl",3.95,5.27,"['Bière, Cave et Spiritueux', 'Cave à vins', 'Vins à petits prix', 'Vin Rouge']",CHATEAU JEAN DE BERTRAND,True,False,false,,,75cl,[],https://courses.monoprix.fr/images-v3/0c44253f-c4a3-4340-9d37-d41e42b9d14a/a9a6c767-c323-48f7-aaba-4926a8051394/300x300.jpg
Noël,4f864034-e84c-4d7e-9f5a-571d08d47f78,MPX_6672345,Blini Houmous 100g,1.15,11.5,"['Noël', 'Promos de Noël', ""Promos repas festif,\xa0jusqu'à 50% sur le 2ème sur une sélection festive""]",Blini,True,False,false,1.0,WEEK,100g,['Produit végétarien'],https://courses.monoprix.fr/images-v3/0c44253f-c4a3-4340-9d37-d41e42b9d14a/81b5296a-c39a-4e30-8c90-a5f1da71b791/300x300.jpg
Noël,8971d1b9-5137-41e3-a767-1e9da30c47c1,MPX_1893489,Monoprix Gourmet Orangettes Au Chocolat Noir 200G,9.89,49.45,"['Noël', 'Chocolats de Noël', 'Assortiments de chocolats', 'Monoprix Gourmet']",Monoprix Gourmet,True,False,false,2.0,MONTH,200g,[],https://courses.monoprix.fr/images-v3/0c44253f-c4a3-4340-9d37-d41e42b9d14a/b7d1e861-e6ee-4231-b580-d5ed57b4294e/300x300.jpg
Noël,b9caac53-7660-4d2b-9873-b7ca50d14c13,MPX_3034117,Monoprix Gourmet Pâtes De Fruits 300G,6.89,22.97,"['Noël', 'Promos de Noël', ""Promo Chocolats, jusqu'à 50% sur le 2ème sur une sélection chocolats \u200bde noël""]",Monoprix Gourmet,True,False,false,1.0,YEAR,300g,[],https://courses.monoprix.fr/images-v3/0c44253f-c4a3-4340-9d37-d41e42b9d14a/c5c7180f-9614-4799-bbc7-2be2784cb9c7/300x300.jpg
Noël,e170d371-05e5-48b4-a9d3-a5eb5d600720,MPX_2306600,Saint Jean Supreme Souffles Nature 480G,4.49,9.35,"['Noël', 'Promos de Noël', ""Promos repas festif,\xa0jusqu'à 50% sur le 2ème sur une sélection festive""]",Saint-Jean,True,False,false,1.0,WEEK,480g,[],https://courses.monoprix.fr/images-v3/0c44253f-c4a3-4340-9d37-d41e42b9d14a/534353dd-d056-4911-884d-325cd3e123b2/300x300.jpg
Noël,fecd5071-54a8-4907-8376-990ea50a2c79,MPX_6565747,Monoprix Gourmet Nougat Tendre De Montélimar,4.99,24.95,"['Noël', 'Promos de Noël', ""Promo Chocolats, jusqu'à 50% sur le 2ème sur une sélection chocolats \u200bde noël""]",Monoprix Gourmet,True,False,false,2.0,MONTH,0.2kg,[],https://courses.monoprix.fr/images-v3/0c44253f-c4a3-4340-9d37-d41e42b9d14a/60b8908f-2775-4524-a332-a4f63015aa81/300x300.jpg
Noël,f4ed87ea-79a8-4b94-bd4d-ac464e4cefba,MPX_6648146,Prunier Mousse  Pur Canard Traditionnel 110g,2.19,21.9,"['Noël', 'Promos de Noël', ""Promos repas festif,\xa0jusqu'à 50% sur le 2ème sur une sélection festive""]",Maison Prunier,True,False,false,1.0,WEEK,100g,[],https://courses.monoprix.fr/images-v3/0c44253f-c4a3-4340-9d37-d41e42b9d14a/5e61d776-3739-4a53-9aec-98feeca12983/300x300.jpg
Noël,1ae13146-abe6-439e-95fe-9764618d5ac9,MPX_3742407,Delacre Assortiment De Biscuit Tea Time 300G,5.85,19.5,"['Noël', 'Promos de Noël', ""Promos repas festif,\xa0jusqu'à 50% sur le 2ème sur une sélection festive""]",Delacre,True,False,false,1.0,MONTH,300g,['Produit végétarien'],https://courses.monoprix.fr/images-v3/0c44253f-c4a3-4340-9d37-d41e42b9d14a/b6ebe4d7-3870-4c00-8ec6-2b2daee0cb96/300x300.jpg
Noël,23cbc899-a5b4-42d7-be55-8fb68dcd6441,MPX_2366350,Monoprix Gourmet Panettone Raisins Secs Écorcés D'Orange 500G,7.99,15.98,"['Pain et Viennoiserie', 'Pain au lait et Brioche', 'Panettone et Stollen']",Monoprix Gourmet,True,False,false,1.0,MONTH,500g,[],https://courses.monoprix.fr/images-v3/0c44253f-c4a3-4340-9d37-d41e42b9d14a/f7d97740-e626-4abd-8fc2-20b3c0172500/300x300.jpg
Noël,c69e6691-cd3c-49ec-bfcd-458b49ee5052,MPX_2824375,Ferrero Collection Assortiment x24 Chocolats 269g,9.69,36.02,"['Noël', 'Chocolats de Noël', 'Assortiments de chocolats', 'Ferrero']",Ferrero collection,True,False,false,4.0,WEEK,269g,[],https://courses.monoprix.fr/images-v3/0c44253f-c4a3-4340-9d37-d41e42b9d14a/93eb92d9-75d5-4a74-b914-d1bc197a9c67/300x300.jpg
Noël,e5856ba3-a2a1-40ce-904c-5620eddd9cb2,MPX_1761992,Château Sainte-Marie AOC Entre deux mers Vin Blanc Sec 75cl,6.4,8.53,"['Noël', 'Les offres de Noël', 'Nos offres sur la cave']",CHÂTEAU SAINTE MARIE,True,False,false,,,750ml,[],https://courses.monoprix.fr/images-v3/0c44253f-c4a3-4340-9d37-d41e42b9d14a/e6258820-fa53-4a4d-aaef-063831177d0c/300x300.jpg
Noël,21b443ed-a70f-4e54-99c0-d7ca5d907f87,MPX_2262654,"Château Reignac Bordeaux Supérieur Aop, Rouge 75cl",10.9,14.53,"['Noël', 'Les offres de Noël', 'Nos offres sur la cave']",Château Reignac,True,False,false,,,750ml,[],https://courses.monoprix.fr/images-v3/0c44253f-c4a3-4340-9d37-d41e42b9d14a/fb12f62e-e867-45c1-9239-5a63e52d818d/300x300.jpg
Noël,dbb043c0-dd0d-4864-b5db-fe0f31f2ef1a,MPX_3059491,Célébrations Calendrier De L'avent Sapin 215g,9.49,44.14,"['Noël', ""Calendriers de l'Avent"", 'Chocolats']",Celebrations,True,False,false,2.0,MONTH,215g,[],https://courses.monoprix.fr/images-v3/0c44253f-c4a3-4340-9d37-d41e42b9d14a/7a33ea5a-918e-4517-a99e-b2c84197a80d/300x300.jpg
Noël,eff6776e-c4b3-408a-ba32-aa20af74c848,MPX_5064199,"Mionetto Prosecco Doc Treviso Avangarde 0,75Cl",7.9,10.53,"['Noël', 'Promos de Noël', ""Promos repas festif,\xa0jusqu'à 50% sur le 2ème sur une sélection festive""]",NoBrand,True,False,false,,,750ml,[],https://courses.monoprix.fr/images-v3/0c44253f-c4a3-4340-9d37-d41e42b9d14a/5c246d1c-82c0-40f9-a02b-2b9738fca277/300x300.jpg
Noël,e959a52a-846c-4120-95f3-d6eed92bdb47,MPX_1703246,Château Tour Prignac Aoc Médoc Rouge 75Cl,9.9,13.2,"['Noël', 'Les offres de Noël', 'Nos offres sur la cave']",Chateaux et Domaines Castel,True,False,false,,,75cl,[],https://courses.monoprix.fr/images-v3/0c44253f-c4a3-4340-9d37-d41e42b9d14a/28fc4739-cbe8-4308-b7e2-71ec747e527b/300x300.jpg
Noël,4de8f603-59c6-42a0-b4c0-703ad482e939,MPX_3293306,Lindt Calendrier De L'avent 221g,13.79,62.4,"['Noël', ""Calendriers de l'Avent"", 'Chocolats']",Lindt,True,False,false,2.0,MONTH,221g,[],https://courses.monoprix.fr/images-v3/0c44253f-c4a3-4340-9d37-d41e42b9d14a/0d5f7dce-be48-4af0-8833-c29a3c402171/300x300.jpg
Noël,702cb89e-2250-4df9-b72f-76d9e6d1f8e1,MPX_797564,"Gobillard & Fils Champagne 1Er Cru Aop, Brut 75Cl",26.9,35.87,"['Noël', 'Menu des fêtes', 'Les Champagnes']",Gobillard & Fils,True,False,false,,,750ml,[],https://courses.monoprix.fr/images-v3/0c44253f-c4a3-4340-9d37-d41e42b9d14a/f977009d-6c69-49c0-b0d4-9cd4f7513021/300x300.jpg
Noël,2daca77d-3246-4135-a482-7022c93714e0,MPX_6224930,Monoprix Gourmet terrine aux noix de st-jacques au vin blanc 2x 60g,3.39,28.25,"['Mes marques Monoprix', 'Monoprix Gourmet', 'Les Collab Monoprix Gourmet']",Monoprix Gourmet,True,False,false,2.0,WEEK,120g,[],https://courses.monoprix.fr/images-v3/0c44253f-c4a3-4340-9d37-d41e42b9d14a/ed27ef10-2698-46fc-8083-3fa1fa887c6a/300x300.jpg
Noël,4832312b-94e0-49f5-aec2-a1f8a6884edf,MPX_2353617,Monoprix Toast Rond Nature 280g,1.49,5.32,"['Pain et Viennoiserie', 'Toast, Canapé et Blini', 'Toast et Canapé']",Monoprix,True,False,false,1.0,MONTH,280g,[],https://courses.monoprix.fr/images-v3/0c44253f-c4a3-4340-9d37-d41e42b9d14a/d9b135f9-bdc2-48da-bdf3-384de3c10443/300x300.jpg
Noël,eb2c0ecf-6d2d-4919-9685-f41ba6f1cc11,MPX_156998,Raffaello Fines x18 Gaufrettes Enrobées De Noix De Coco Fourrées 180g,5.39,29.94,"['Noël', 'Chocolats de Noël', 'Assortiments de chocolats', 'Ferrero']",Raffaello,True,False,false,4.0,WEEK,180g,[],https://courses.monoprix.fr/images-v3/0c44253f-c4a3-4340-9d37-d41e42b9d14a/09c31f5b-9e5c-4250-a20e-e71058fc5603/300x300.jpg
Noël,5c747b24-7f3c-437d-a1c4-091adfe8c123,MPX_6573635,Pêcheries Basques Truite Fumée des Pyrénées 120g,6.79,56.58,"['Produits de la Mer', 'Traiteur de la Mer', 'Saumons et truites fumées']",Pêcheries Basques,True,False,false,1.0,WEEK,120g,[],https://courses.monoprix.fr/images-v3/0c44253f-c4a3-4340-9d37-d41e42b9d14a/802b998e-595b-4ca2-b6f7-aeb6fb586e67/300x300.jpg
Noël,e4bdca08-4641-440a-9595-af23adc5420a,MPX_1422031,Monmousseau Crémant De Loire Blanc Brut 75Cl,7.9,10.53,"['Noël', 'Menu des fêtes', 'Les Vins, Effervescents et Alcools']",Monmousseau,True,False,false,,,750ml,[],https://courses.monoprix.fr/images-v3/0c44253f-c4a3-4340-9d37-d41e42b9d14a/1b9860eb-1f9b-4738-b9f4-d3ba232f7d69/300x300.jpg
Noël,437e6017-8d0a-4410-86d2-b77ead887f93,MPX_4219963,Monoprix Gourmet x Alain Milliat Nectar de Mangue 75cl,4.15,5.53,"['Mes marques Monoprix', 'Monoprix Gourmet', 'Les Collab Monoprix Gourmet']",Monoprix Gourmet,True,False,false,1.0,YEAR,75cl,[],https://courses.monoprix.fr/images-v3/0c44253f-c4a3-4340-9d37-d41e42b9d14a/e2bdf7b2-6b90-4a80-97c5-ead1d494a877/300x300.jpg
Noël,37b693c6-3c73-4fab-9e2e-6321808f43f1,MPX_4246964,Monoprix Gourmet flûtes multigraines 120g,2.29,19.08,"['Epicerie Salée', 'Produit apéritif', 'Chips et Biscuit Apéritif', 'Gressin, Flûte et Torsade']",Monoprix Gourmet,True,False,false,2.0,MONTH,120g,[],https://courses.monoprix.fr/images-v3/0c44253f-c4a3-4340-9d37-d41e42b9d14a/66f6d30c-54a5-468e-bdbd-9179656b366c/300x300.jpg
Noël,39a65329-d5f4-4036-a4c4-b929e26b4537,MPX_2470305,Monoprix Oeufs de Lompe Rouges 100g,3.69,36.9,"['Epicerie Salée', 'Produit apéritif', 'Tartinable et Produit de la Mer', 'Caviar et Œufs']",Monoprix,True,False,false,6.0,MONTH,100g,[],https://courses.monoprix.fr/images-v3/0c44253f-c4a3-4340-9d37-d41e42b9d14a/f0c29759-5f7b-477b-9ad2-e8c693279654/300x300.jpg
Noël,00ac8236-aac5-4333-87c5-4b7fc91164db,MPX_160324,"Monoprix Gourmet Méli-Mélo Forestier, Bolets Jaunes, Lactaires, Pleurotes, Volvaires & Foliotes 185G",2.39,12.92,"['Noël', 'Menu des fêtes', 'Les Plats et Accompagnements', 'Les Accompagnements']",Monoprix Gourmet,True,False,false,1.0,YEAR,185g,[],https://courses.monoprix.fr/images-v3/0c44253f-c4a3-4340-9d37-d41e42b9d14a/225276e3-7d40-4570-a39f-9d04bc03e569/300x300.jpg
Noël,cba548a3-4691-4da7-b66a-8e2a33c2da91,MPX_3778161,Lindt Ours Chocolat Au Lait 100G,4.49,44.9,"['Noël', 'Chocolats de Noël', 'Assortiments de chocolats', 'Lindt']",Lindt,True,False,false,2.0,MONTH,100g,['Produit végétarien'],https://courses.monoprix.fr/images-v3/0c44253f-c4a3-4340-9d37-d41e42b9d14a/cc2f9d79-381d-4b83-b09c-23ea8d7faa10/300x300.jpg
Noël,21c97c22-6d57-41c1-9d30-b4514e126c1a,MPX_6235496,Monoprix Gourmet oeuf de saumon keta du pacifique 50g,8.99,179.8,"['Noël', 'Les Pépites de Monoprix pour Noël', 'Les essentiels Monoprix Gourmet']",Monoprix Gourmet,True,False,false,1.0,MONTH,50g,[],https://courses.monoprix.fr/images-v3/0c44253f-c4a3-4340-9d37-d41e42b9d14a/b35a91ca-366f-4ac4-96a0-f42c51506ff4/300x300.jpg
Noël,be0c10d5-04c7-4f06-a4af-8602f3738ad3,MPX_1704121,Freixenet vin pétillant rosé la bouteille de 75cl,6.89,9.19,"['Noël', 'Menu des fêtes', 'Les Vins, Effervescents et Alcools']",Freixenet,True,False,false,,,750ml,['Produit bio'],https://courses.monoprix.fr/images-v3/0c44253f-c4a3-4340-9d37-d41e42b9d14a/77147f4e-fd01-4800-83db-c1eb0e3d4d3f/300x300.jpg
Noël,a77208a2-bc18-4694-a19b-02957770a3c0,MPX_3011411,Monoprix Gourmet Beaufort été AOP 1kg,8.32,32.0,"['Nos régions de France', 'Auvergne Rhône Alpes', 'Fromages régionaux et crèmerie']",Monoprix Gourmet,True,False,false,1.0,WEEK,260,[],https://courses.monoprix.fr/images-v3/0c44253f-c4a3-4340-9d37-d41e42b9d14a/8d9b2f5a-2d79-48bf-a2b7-c829c9cacd15/300x300.jpg
Noël,1283b7c3-aff9-46ac-bc4d-0ea198505986,MPX_1951678,Kinder Moulage En Chocolat 110g,3.79,34.45,"['Nos sélections', 'Nos marques du moment', ""Promogaming Fin d'année 2024""]",Kinder,True,False,false,2.0,WEEK,110g,[],https://courses.monoprix.fr/images-v3/0c44253f-c4a3-4340-9d37-d41e42b9d14a/40ebb949-b386-49f6-ad9f-827045bc405b/300x300.jpg
Noël,af885c72-f0e5-45e1-a3ce-7cb24bfdfdd0,MPX_4215121,Ruinart champagne brut sans étui 75cl,59.9,79.87,"['Noël', 'Menu des fêtes', 'Les Champagnes']",Ruinart,True,False,false,,,750ml,['Produit végétarien'],https://courses.monoprix.fr/images-v3/0c44253f-c4a3-4340-9d37-d41e42b9d14a/cf5b0f46-e149-4143-8091-259dc8d552a2/300x300.jpg
Noël,0f476a4e-93e8-4031-aa00-b1415b195897,MPX_5570385,Kinder Bueno Œufs Gaufrettes Au Chocolat Lait Noisettes 140g,6.15,43.93,"['Nos sélections', 'Nos marques du moment', ""Promogaming Fin d'année 2024""]",Kinder,True,False,false,2.0,MONTH,140g,[],https://courses.monoprix.fr/images-v3/0c44253f-c4a3-4340-9d37-d41e42b9d14a/de1cbed0-29b6-45dd-8fc7-38086bdb4c73/300x300.jpg
Noël,88a9b985-c6e6-4355-9c6e-803587cbb8a9,MPX_736155,Jacquet Toasts de pain de mie briochés pour foie gras 250g,1.99,7.96,"['Pain et Viennoiserie', 'Toast, Canapé et Blini', 'Toast et Canapé']",Jacquet,True,False,false,1.0,WEEK,250g,[],https://courses.monoprix.fr/images-v3/0c44253f-c4a3-4340-9d37-d41e42b9d14a/ac9c4aeb-9ba5-4814-b467-2203f16d895c/300x300.jpg
Noël,bf5b49c7-f31b-4723-a791-9f3788f88a69,MPX_5539968,Révillon Authentique Pralissim Praliné 360g,7.99,22.19,"['Noël', 'Chocolats de Noël', 'Papillotes']",Revillon chocolatier,True,False,false,2.0,MONTH,360g,[],https://courses.monoprix.fr/images-v3/0c44253f-c4a3-4340-9d37-d41e42b9d14a/5774403f-e7de-4c52-8fe2-826d3e05a078/300x300.jpg
Noël,6c597ff9-15a6-41cd-9814-af98fc7c1080,MPX_2353618,Monoprix Pain de Mie Brioché Spécial Toast 280g,1.39,4.96,"['Pain et Viennoiserie', 'Toast, Canapé et Blini', 'Toast et Canapé']",Monoprix,True,False,false,1.0,MONTH,280g,[],https://courses.monoprix.fr/images-v3/0c44253f-c4a3-4340-9d37-d41e42b9d14a/baab82aa-ebac-4fe9-8502-dd798975afa9/300x300.jpg
Noël,f6a1da75-55aa-423b-a28e-e7e6e7322851,MPX_3183944,Monoprix Gourmet Saumon Atlantique Fumé x4 Tranches 140g,10.9,77.86,"['Noël', 'Les Pépites de Monoprix pour Noël', 'Les essentiels Monoprix Gourmet']",Monoprix Gourmet,True,False,false,1.0,WEEK,140g,[],https://courses.monoprix.fr/images-v3/0c44253f-c4a3-4340-9d37-d41e42b9d14a/a53177b5-27b8-4522-b7ff-067f13a55ba0/300x300.jpg
Noël,3c7ec007-7fd7-4a8d-b8b7-98de01fba5ef,MPX_2824278,Monoprix Gourmet Petit Pouligny Saint Pierre Aop 150G,4.79,31.93,"['Nos régions de France', 'Centre Val de Loire', 'Fromages et faisselles']",Monoprix Gourmet,True,False,false,2.0,WEEK,150g,[],https://courses.monoprix.fr/images-v3/0c44253f-c4a3-4340-9d37-d41e42b9d14a/17adb2d0-4b9a-44b4-b1d8-881177cd5490/300x300.jpg
Noël,e5733186-19cc-4d48-a5d0-cfc51990379c,MPX_1608153,Marie Anne Cantin Camembert De Normandie Moulage À La Main AOP 250g,6.0,24.0,"['Nos sélections', 'Inspiration du moment', '& Le Coin du marché', 'Fromage']",Marie-Anne Cantin,True,False,false,1.0,WEEK,250g,[],https://courses.monoprix.fr/images-v3/0c44253f-c4a3-4340-9d37-d41e42b9d14a/bee9f5d0-1e8e-44f1-9bb2-c6a2de52b56a/300x300.jpg
Noël,d0f1b73f-4ecd-4419-bff7-bcdaa27346cb,MPX_6722037,Monoprix Papillotes 3 Variétés Praliné Chocolat Lait 350g,6.99,19.97,"['Nos sélections', 'Nouveau sur le site', 'Epicerie']",Monoprix,True,False,false,2.0,MONTH,350g,[],https://courses.monoprix.fr/images-v3/0c44253f-c4a3-4340-9d37-d41e42b9d14a/1d737ddf-b9a4-47bf-ab04-c28afb838f63/300x300.jpg
Noël,3b2e681d-0495-418a-94ee-e46be890a8b7,MPX_3267723,Villani Saucisson à la Truffe D'Ete 240g,8.5,35.42,"['Charcuterie et Traiteur', 'Charcuterie', 'Saucisson sec et Chorizo', 'Saucisson sec']",VILLANI,True,False,false,1.0,MONTH,240g,[],https://courses.monoprix.fr/images-v3/0c44253f-c4a3-4340-9d37-d41e42b9d14a/5624e5f8-b59d-443e-8c1c-3a5483d61bbd/300x300.jpg
Noël,4b5a9c69-ae33-4293-b1eb-5efa729b55da,MPX_3611388,Le Gaulois 18 Oeufs Cailles 200G,3.85,19.25,"['Noël', 'Menu des fêtes', 'Les Plats et Accompagnements', 'Les Viandes et Volailles']",LE GAULOIS,True,False,false,2.0,WEEK,200g,[],https://courses.monoprix.fr/images-v3/0c44253f-c4a3-4340-9d37-d41e42b9d14a/c2ed166d-7ecc-433a-ad4d-9b60789d4511/300x300.jpg
Noël,927f794c-5e43-42d0-ac61-c591dc15aa26,MPX_1559397,Deutz Champagne Brut Classic Aop 75cl,48.9,65.2,"['Noël', 'Menu des fêtes', 'Les Champagnes']",Deutz,True,False,false,,,75cl,[],https://courses.monoprix.fr/images-v3/0c44253f-c4a3-4340-9d37-d41e42b9d14a/a1350312-ca64-4d28-9eed-3a975272b77e/300x300.jpg
Noël,9c463552-6b2e-44d7-80bb-6be930bcd11c,MPX_2548289,Marie Anne Cantin Rocamadour Barquette 2 pièces 60g,3.95,65.83,"['La Halle', 'Boutique Marie Anne Cantin']",MARIE ANNE CANTIN,True,False,false,1.0,WEEK,2 x 30g,[],https://courses.monoprix.fr/images-v3/0c44253f-c4a3-4340-9d37-d41e42b9d14a/6dc0a774-6d8f-43fc-85d0-39f439e7dbe8/300x300.jpg
Noël,ee225b01-777f-46b1-a2ee-c42f90f8ce06,MPX_4122882,Révillon Bonbons Chocolat Escargot 70% 370G,10.99,29.7,"['Noël', 'Chocolats de Noël', 'Papillotes']",REVILLON CHOCOLATIER,True,False,false,1.0,MONTH,370g,[],https://courses.monoprix.fr/images-v3/0c44253f-c4a3-4340-9d37-d41e42b9d14a/8fbf4e6b-3909-4b89-b37e-f6ffd4925cda/300x300.jpg
Noël,6cd64f15-ebc7-4f6b-a0db-7ee6ac0c71e2,MPX_3609971,Monoprix Gourmet Huile d'olive vierge extra à la truffe 25cl,9.99,39.96,"['Noël', 'Menu des fêtes', 'Les Plats et Accompagnements', 'Les Accompagnements']",Monoprix Gourmet,True,False,false,2.0,MONTH,250ml,[],https://courses.monoprix.fr/images-v3/0c44253f-c4a3-4340-9d37-d41e42b9d14a/c835206c-b4c2-4190-a1a7-790203a547e0/300x300.jpg
Noël,d982f9d3-3d54-432e-93cb-f28d47dc4239,MPX_3355688,"Taittinger Champagne Irroy Extra Brut 12,5 75cl",29.9,39.87,"['Noël', 'Menu des fêtes', 'Les Champagnes']",IRROY ,True,False,false,,,750ml,[],https://courses.monoprix.fr/images-v3/0c44253f-c4a3-4340-9d37-d41e42b9d14a/41974ab3-f1b5-4fe8-84f2-64b220ab2e3f/300x300.jpg
Noël,69d618e8-9b56-48ca-b9fd-3552f0340d06,MPX_1890489,"L'extra de Langlois Crémant de Loire AOP, brut 75cl",10.9,14.53,"['Noël', 'Menu des fêtes', 'Les Vins, Effervescents et Alcools']",Langlois-Chateau,True,False,false,,,750ml,[],https://courses.monoprix.fr/images-v3/0c44253f-c4a3-4340-9d37-d41e42b9d14a/d82ab74b-0bca-435b-a5b5-2c00d6f3f0d3/300x300.jpg
Noël,3c081458-afef-4770-8dfd-6edc87078c6a,MPX_6724279,Lanvin L'Escargot Lait Cœur Praliné 362g,17.59,48.59,"['Noël', 'Chocolats de Noël', 'Assortiments de chocolats', 'Lanvin']",Lanvin,True,False,false,2.0,MONTH,362g,[],https://courses.monoprix.fr/images-v3/0c44253f-c4a3-4340-9d37-d41e42b9d14a/7ef9a044-5f72-46c4-a480-2d816c69462b/300x300.jpg
Noël,b0a5c2af-3e36-467e-a79f-ae01a66224e3,MPX_6672201,Monoprix Gourmet Confit Oignons 130g,2.29,17.62,"['Nos sélections', 'Inspiration du moment', 'Sélection Charcuterie et Fromage']",Monoprix Gourmet,True,False,false,6.0,MONTH,130g,[],https://courses.monoprix.fr/images-v3/0c44253f-c4a3-4340-9d37-d41e42b9d14a/3ffad558-e154-4e97-af41-5fbd470a1c82/300x300.jpg
Noël,66f079fd-c26f-48ed-8466-f8ec4840af9c,MPX_2235918,Ernest Soulard Tournedos Filet De Canard 300g,8.99,29.0,"['Boucherie et Volaille', 'Volaille', 'Canard et caille']",DOMAINE D'ERNEST,True,False,false,1.0,WEEK,310,[],https://courses.monoprix.fr/images-v3/0c44253f-c4a3-4340-9d37-d41e42b9d14a/f4b3cfd9-4cef-463f-93f0-8643329df7b7/300x300.jpg
Noël,75026cdf-b7ca-406d-bfdc-5eeb9dc2c569,MPX_4122917,Le Gaulois Caille sans Tête 340g,5.18,13.99,"['Boucherie et Volaille', 'Volaille', 'Canard et caille']",LE GAULOIS,True,False,false,4.0,DAY,370,[],https://courses.monoprix.fr/images-v3/0c44253f-c4a3-4340-9d37-d41e42b9d14a/87b23943-1e8e-4edd-8d68-465967ea890a/300x300.jpg
Noël,670aa9e2-b7ae-4f5b-a6a3-ed34ef3cb069,MPX_4210837,Monoprix Filet de Canard 340g,6.57,21.9,"['Noël', 'Menu des fêtes', 'Les Plats et Accompagnements', 'Les Viandes et Volailles']",Monoprix,True,False,false,1.0,WEEK,300,[],https://courses.monoprix.fr/images-v3/0c44253f-c4a3-4340-9d37-d41e42b9d14a/07345aa1-6d36-4d6d-b59f-3f71802340d2/300x300.jpg
Noël,7d556cc3-8399-4a87-8848-3d0e5f03d0a2,MPX_5539969,Reveillon Guimauves noir & lait 300g,10.99,36.63,"['Noël', 'Chocolats de Noël', 'Papillotes']",REVILLON CHOCOLATIER,True,False,false,1.0,MONTH,300g,[],https://courses.monoprix.fr/images-v3/0c44253f-c4a3-4340-9d37-d41e42b9d14a/0cad90e3-fe53-4ee0-9ee6-9f4be53cd0fe/300x300.jpg
Noël,ec030d7d-cac0-46ae-ba12-bc85cb0b2031,MPX_1820842,"Drappier Champagne Aop, Brut 75Cl",43.0,57.33,"['Noël', 'Menu des fêtes', 'Les Champagnes']",Drappier,True,False,false,,,750ml,[],https://courses.monoprix.fr/images-v3/0c44253f-c4a3-4340-9d37-d41e42b9d14a/e017cde9-ac3f-4165-bafe-9bcefb5adc2c/300x300.jpg
Noël,9d83a8c4-0acc-4f3d-bd86-e66323b46498,MPX_3820861,Monoprix Gourmet Carrot Cake 250G,5.15,20.6,"['Noël', 'Menu des fêtes', 'Les Brioches et Pains festifs', 'Autres pains']",Monoprix Gourmet,True,False,false,4.0,WEEK,250g,[],https://courses.monoprix.fr/images-v3/0c44253f-c4a3-4340-9d37-d41e42b9d14a/e8ecfb94-9b6b-410b-b1d9-0267780b289f/300x300.jpg
Noël,4770f2a8-c193-4cee-901a-3f2c02b4c14a,MPX_4122892,Révillon rochers chocolat festif 370g,10.99,29.7,"['Noël', 'Chocolats de Noël', 'Papillotes']",REVILLON CHOCOLATIER,True,False,false,1.0,MONTH,370g,[],https://courses.monoprix.fr/images-v3/0c44253f-c4a3-4340-9d37-d41e42b9d14a/a91dc241-4e85-4f16-a829-fa2e8e134053/300x300.jpg
Noël,d6760771-1d01-4021-940e-d7e413947332,MPX_6224933,Monoprix Gourmet terrine de saumon asc 2x60g,3.19,26.58,"['Mes marques Monoprix', 'Monoprix Gourmet', 'Les Collab Monoprix Gourmet']",Monoprix Gourmet,True,False,false,2.0,WEEK,120g,[],https://courses.monoprix.fr/images-v3/0c44253f-c4a3-4340-9d37-d41e42b9d14a/c6a6de7d-73ba-4ab2-8fa6-b326a36ee090/300x300.jpg
Noël,841ef27d-e2d9-49cb-9254-5a3a5d0b639b,MPX_3293308,Lindt Teddy Ours Chocolat Au Lait 100g,4.49,44.9,"['Noël', 'Chocolats de Noël', 'Assortiments de chocolats', 'Lindt']",Lindt,True,False,false,2.0,MONTH,100g,[],https://courses.monoprix.fr/images-v3/0c44253f-c4a3-4340-9d37-d41e42b9d14a/bad25dca-c7ab-4ac9-a140-dc6c4b0e9182/300x300.jpg
Noël,a83020d1-220d-404e-858a-2d2560efc3db,MPX_1890423,Kinder chocolat moulage Père Noël 160g,5.79,36.19,"['Nos sélections', 'Nos marques du moment', ""Promogaming Fin d'année 2024""]",Kinder,True,False,false,2.0,WEEK,160g,['Produit végétarien'],https://courses.monoprix.fr/images-v3/0c44253f-c4a3-4340-9d37-d41e42b9d14a/7772f6b1-764c-4de6-8840-5a2fe35d8089/300x300.jpg
Noël,9230d08d-ecac-458f-95b5-3cc40bcddded,MPX_2234245,Monoprix Gourmet Confit d'oignons 46g,2.19,43.8,"['Charcuterie et Traiteur', 'Charcuterie', 'Pâté, Rillette et Foie gras', 'Foie gras']",Monoprix Gourmet,True,False,false,6.0,MONTH,50g,[],https://courses.monoprix.fr/images-v3/0c44253f-c4a3-4340-9d37-d41e42b9d14a/69b9f28d-03a0-458b-bbb8-c7e282faf99c/300x300.jpg
Noël,064c28a1-b77c-49cd-b679-fc9dd2633b94,MPX_3694351,Kim'Play Jeux de bulles de savon 60ml,0.99,0.99,"['Noël', 'Jouets de Noël', ""Sport et Jeux d'extérieur""]",Kim'Play,True,False,false,,,,[],https://courses.monoprix.fr/images-v3/0c44253f-c4a3-4340-9d37-d41e42b9d14a/abba4284-f218-467f-87fd-9bf1df445320/300x300.jpg
Noël,8a801a6f-7a4f-46b7-a750-17f93a43c1fd,MPX_5539970,Révillon Pâtes de fruits de nos régions 370g,10.99,29.7,"['Noël', 'Chocolats de Noël', 'Calissons, Pâtes de fruits et Nougats']",REVILLON CHOCOLATIER,True,False,false,1.0,MONTH,370g,[],https://courses.monoprix.fr/images-v3/0c44253f-c4a3-4340-9d37-d41e42b9d14a/cac54d8c-7b6b-4fed-a8e5-a77e6ef1d524/300x300.jpg
Noël,3c05556b-9792-4d5c-bfbb-5141447bb96e,MPX_6730041,Kinder mini eggs noisette 260g,5.89,22.65,"['Noël', 'Chocolats de Noël', 'Chocolats pour enfants']",Kinder,True,False,false,2.0,MONTH,0.26kg,[],https://courses.monoprix.fr/images-v3/0c44253f-c4a3-4340-9d37-d41e42b9d14a/acdd9004-203f-4583-afe6-295d693bdc09/300x300.jpg
Noël,66e0a9a4-1fd7-4405-83b4-c97b0c71ca44,MPX_4122893,Révillon nougats 70% et 300g,10.99,36.63,"['Noël', 'Chocolats de Noël', 'Calissons, Pâtes de fruits et Nougats']",REVILLON CHOCOLATIER,True,False,false,1.0,MONTH,300g,[],https://courses.monoprix.fr/images-v3/0c44253f-c4a3-4340-9d37-d41e42b9d14a/e7cedcc6-f235-4f8c-984a-2f4f7c040be4/300x300.jpg
Noël,e82ae818-ac73-4f61-9f93-83b0321c199c,MPX_2961450,Kinder Schoko-Bons Chocolat Au Lait Fourrés Noisettes 350g,6.09,17.4,"['Nos sélections', 'Nos marques du moment', ""Promogaming Fin d'année 2024""]",KINDER,True,False,false,2.0,MONTH,350g,[],https://courses.monoprix.fr/images-v3/0c44253f-c4a3-4340-9d37-d41e42b9d14a/463ef560-f924-4ba8-b5ba-a11de3bce39a/300x300.jpg
Noël,a8aa7b6c-2948-47f4-a943-6be0fd8a9c07,MPX_2481530,Kinder Surprise Œufs Chocolatées 120g,7.69,64.08,"['Nos sélections', 'Nos marques du moment', ""Promogaming Fin d'année 2024""]",Kinder,True,False,false,2.0,MONTH,120g,[],https://courses.monoprix.fr/images-v3/0c44253f-c4a3-4340-9d37-d41e42b9d14a/f4642541-f9fa-4842-8755-da796e80758e/300x300.jpg
Noël,2ab613d1-ef80-47f8-b164-adf31558938d,MPX_2007645,Marie Anne Cantin Saint Marcellin IGP 80g,2.49,31.13,"['Nos sélections', 'Inspiration du moment', '& Le Coin du marché', 'Fromage']",NoBrand,True,False,false,2.0,WEEK,80g,[],https://courses.monoprix.fr/images-v3/0c44253f-c4a3-4340-9d37-d41e42b9d14a/4c4aca9d-646f-4d0d-aa24-504eb51d7593/300x300.jpg
Noël,81bffd2b-8496-4342-ac3a-adcafa99d33d,MPX_6113359,St Germain liqueur avec etui 20° - 20cl,15.9,79.5,"['Noël', 'Les Cadeaux à -20€']",St Germain,True,False,false,,,200ml,[],https://courses.monoprix.fr/images-v3/0c44253f-c4a3-4340-9d37-d41e42b9d14a/19c7a9cb-0849-4b93-b43b-9ba1ee7dfb91/300x300.jpg
Noël,eee3c56e-b3ac-490e-a890-5d2b8f455d42,MPX_3070315,Célébration Assortiment Chocolat Au Lait 435G,10.99,25.26,"['Noël', 'Chocolats de Noël', 'Assortiments de chocolats', 'Célébrations']",Celebrations,True,False,false,2.0,MONTH,435g,['Produit végétarien'],https://courses.monoprix.fr/images-v3/0c44253f-c4a3-4340-9d37-d41e42b9d14a/20d52722-cb43-4711-9f4a-2cea3f6108a4/300x300.jpg
Noël,008ce528-29c9-40d3-a15b-a9e1e2bc720b,MPX_5539973,Delpeyrat magret de canard tranché et seché 70g,5.19,74.14,"['Boucherie et Volaille', 'Volaille', 'Canard et caille']",Delpeyrat,True,False,false,3.0,WEEK,70g,[],https://courses.monoprix.fr/images-v3/0c44253f-c4a3-4340-9d37-d41e42b9d14a/243fe91f-a69e-4083-a5dd-b9a0b3ebfeda/300x300.jpg
Noël,989b8284-1331-4e4f-8259-8955aae9a78a,MPX_4260443,Marie Anne Cantin Tomme De Savoie IGP 500g,7.2,22.5,"['La Halle', 'Boutique Marie Anne Cantin']",Marie-Anne Cantin,True,False,false,1.0,WEEK,320,[],https://courses.monoprix.fr/images-v3/0c44253f-c4a3-4340-9d37-d41e42b9d14a/c99f5c73-6d93-4a9f-830c-453512224aa5/300x300.jpg
Noël,0977a270-8686-4b52-b4e0-c19192944bad,MPX_1726874,Monmousseau Crémant De Loire Rosé Brut 75Cl,7.9,10.53,"['Noël', 'Menu des fêtes', 'Les Vins, Effervescents et Alcools']",Monmousseau,True,False,false,,,750ml,[],https://courses.monoprix.fr/images-v3/0c44253f-c4a3-4340-9d37-d41e42b9d14a/67af93e1-a05e-4010-9f54-c7aa81e1193b/300x300.jpg
Noël,31405ce6-b2cb-4953-9ca1-fd177fc48fa6,MPX_6224917,Monoprix Gourmet saumon gingembre 140g,2.65,18.93,"['Noël', 'Les Pépites de Monoprix pour Noël', 'Les essentiels Monoprix Gourmet']",Monoprix Gourmet,True,False,false,1.0,WEEK,140g,[],https://courses.monoprix.fr/images-v3/0c44253f-c4a3-4340-9d37-d41e42b9d14a/f873120a-d9ed-4b84-9cc6-9abc7ea567f1/300x300.jpg
Noël,88d23633-af0d-4659-b040-d121fa732bac,MPX_6751766,Mini Feuilletés Aux Escargots 145g Danny Khezzar & Monoprix,5.49,37.86,"['Surgelés', 'La boutique Danny Khezzar', 'Danny Khezzar']",Danny Khezzar x Monoprix,True,False,false,2.0,MONTH,145g,['Produit congelé'],https://courses.monoprix.fr/images-v3/0c44253f-c4a3-4340-9d37-d41e42b9d14a/e990e5ef-cc30-42bb-afb2-1294d231e4b9/300x300.jpg
Noël,69523cea-dc4a-4393-838b-04b6d893ae7b,MPX_4210836,Monoprix Cuisse de Canard Filière 350g,3.82,10.9,"['Noël', 'Menu des fêtes', 'Les Plats et Accompagnements', 'Les Viandes et Volailles']",Monoprix,True,False,false,1.0,WEEK,350,[],https://courses.monoprix.fr/images-v3/0c44253f-c4a3-4340-9d37-d41e42b9d14a/359898f5-7224-48a8-9882-8db354b0a335/300x300.jpg
Noël,241e1da5-ce02-4a5f-b748-756badaf49ac,MPX_6719594,Bourgogne Chardonnay Emotions blanc 75cl,9.95,13.27,"['Noël', 'Menu des fêtes', 'Les Vins, Effervescents et Alcools']",SELECT JURY GOURMET,True,False,false,,,75cl,[],https://courses.monoprix.fr/images-v3/0c44253f-c4a3-4340-9d37-d41e42b9d14a/6db1cb68-5aab-48a9-b8a9-ad8d5cd30906/300x300.jpg
Noël,87cf00f3-0499-421f-8b6b-c6bfc8936d63,MPX_4210835,Monoprix Aiguillettes de canard 200g,6.6,25.9,"['Noël', 'Menu des fêtes', 'Les Plats et Accompagnements', 'Les Viandes et Volailles']",Monoprix,True,False,false,1.0,WEEK,255,[],https://courses.monoprix.fr/images-v3/0c44253f-c4a3-4340-9d37-d41e42b9d14a/6f76b678-14ea-4e4b-ad19-036521f9f2a8/300x300.jpg
Noël,5ecc696e-179c-4d6f-995c-c4cbcc05ecdd,MPX_1260446,Tsarine Champagne Brut Aop 75cl,28.9,38.53,"['Noël', 'Menu des fêtes', 'Les Champagnes']",Tsarine,True,False,false,,,75cl,[],https://courses.monoprix.fr/images-v3/0c44253f-c4a3-4340-9d37-d41e42b9d14a/4a3d329e-e8cf-4b23-90d1-8225b7ceea16/300x300.jpg
Noël,a8b88b80-b88e-4856-aab4-2953b719a5ba,MPX_3167016,Demoiselle Champagne Aop Brut 75cl,31.9,42.53,"['Noël', 'Menu des fêtes', 'Les Champagnes']",Null,True,False,false,,,750ml,[],https://courses.monoprix.fr/images-v3/0c44253f-c4a3-4340-9d37-d41e42b9d14a/e6c6b2b2-69c3-47c9-aec6-d3a837bea554/300x300.jpg
Noël,14cc4c18-92fd-4ee3-be64-5dcd4d77ae48,MPX_958410,Labeyrie Magret de Canard du Sud-Ouest 360g,8.81,25.9,"['Boucherie et Volaille', 'Volaille', 'Canard et caille']",LABEYRIE,True,False,false,4.0,DAY,340,[],https://courses.monoprix.fr/images-v3/0c44253f-c4a3-4340-9d37-d41e42b9d14a/ee21e0e7-e2f1-4175-8cfb-62d11e155cbb/300x300.jpg
Noël,3250d414-faba-4871-a354-727e3a2ca1f4,MPX_1182652,Marques De Caceres Vin Rouge 75Cl,8.9,11.87,"['Noël', 'Les Cadeaux à -20€']",MARQUES DE CACERES,True,False,false,,,750ml,[],https://courses.monoprix.fr/images-v3/0c44253f-c4a3-4340-9d37-d41e42b9d14a/2f429a25-0744-4a0b-8ef9-c0ecd3c92414/300x300.jpg
Noël,06cdf9dd-a471-49f7-a45a-576d8bef8744,MPX_2219659,Ferrero Rocher 42 bouchées 525g,15.89,30.27,"['Noël', 'Chocolats de Noël', 'Assortiments de chocolats', 'Ferrero']",Ferrero Rocher,True,False,false,1.0,MONTH,525g,['Produit végétarien'],https://courses.monoprix.fr/images-v3/0c44253f-c4a3-4340-9d37-d41e42b9d14a/1e3569e4-3a87-4074-ace7-c669b70c6ace/300x300.jpg
Noël,87eb4d57-5e51-4914-99d4-5538978889dc,MPX_4122891,Révillon malakoff 370g,10.99,29.7,"['Noël', 'Chocolats de Noël', 'Papillotes']",REVILLON CHOCOLATIER,True,False,false,1.0,MONTH,370g,[],https://courses.monoprix.fr/images-v3/0c44253f-c4a3-4340-9d37-d41e42b9d14a/c23f9b7b-93cb-4db8-8bbb-394daac85415/300x300.jpg
Noël,c6e34e8d-a06c-4202-9605-fe5bdee7228d,MPX_5094682,Alfred Rothschild & Cie Champagne Excellence Brut 75cl,26.9,35.87,"['Noël', 'Menu des fêtes', 'Les Champagnes']",Alfred Rothschild & Cie,True,False,false,,,75cl,[],https://courses.monoprix.fr/images-v3/0c44253f-c4a3-4340-9d37-d41e42b9d14a/43f69874-766d-40f0-80ea-7731be932fb4/300x300.jpg
Noël,83200af0-3546-4c38-8801-377ee5adee28,MPX_6669139,Le Gourmet Gâteau de Noël Stollen à la pâte d’amande 200g,3.99,19.95,"['Pain et Viennoiserie', 'Pain au lait et Brioche', 'Panettone et Stollen']",Le Gourmet,True,False,false,4.0,WEEK,200g,[],https://courses.monoprix.fr/images-v3/0c44253f-c4a3-4340-9d37-d41e42b9d14a/675e50a0-166e-46c2-be61-4f9bf43664a9/300x300.jpg
Noël,8dcdbc94-fb91-42a1-bd8b-f310ff180dae,MPX_1335669,"Jacquet canapés natures, toasts de pain de mie 250g",1.99,7.96,"['Pain et Viennoiserie', 'Toast, Canapé et Blini', 'Toast et Canapé']",Jacquet,True,False,false,1.0,WEEK,250g,[],https://courses.monoprix.fr/images-v3/0c44253f-c4a3-4340-9d37-d41e42b9d14a/cd5baf24-f63a-4b69-a553-286fbdde3cfc/300x300.jpg
Noël,f4868ad6-f1b7-49c6-9d4f-6d29dff8f573,MPX_2234244,Monoprix Gourmet Confiture de figues 46g,2.19,43.8,"['Charcuterie et Traiteur', 'Charcuterie', 'Pâté, Rillette et Foie gras', 'Foie gras']",Monoprix Gourmet,True,False,false,6.0,MONTH,50g,[],https://courses.monoprix.fr/images-v3/0c44253f-c4a3-4340-9d37-d41e42b9d14a/40eb458f-dd8d-44b1-a222-6ea12c258465/300x300.jpg
Noël,56556b2d-8cd1-4942-be9c-888683a4f5ae,MPX_2338275,Kinder Suprise Chocolat Moulage Père Noël 75g,3.59,47.87,"['Nos sélections', 'Nos marques du moment', ""Promogaming Fin d'année 2024""]",Kinder,True,False,false,2.0,WEEK,75g,[],https://courses.monoprix.fr/images-v3/0c44253f-c4a3-4340-9d37-d41e42b9d14a/53ff6aef-bdab-46a9-8c2c-83dd06764c96/300x300.jpg
Noël,9477d047-efaf-4ceb-a4ea-6ecd3c5f1d73,MPX_3073414,Petit Soleil Aop Bordeaux Superieur Rouge 75Cl,7.99,10.65,"['Noël', 'Les offres de Noël', 'Nos offres sur la cave']",Petit Soleil,True,False,false,,,750ml,[],https://courses.monoprix.fr/images-v3/0c44253f-c4a3-4340-9d37-d41e42b9d14a/9232c988-4ca9-4dce-be9c-fe83ae406093/300x300.jpg
Noël,764eef61-42ef-442c-9030-cc9b4f3a915a,MPX_5570386,Kinder Happy Moments Assortiment De Chocolats 231g,6.89,24.26,"['Nos sélections', 'Nos marques du moment', ""Promogaming Fin d'année 2024""]",Kinder,True,False,false,1.0,MONTH,0.284kg,[],https://courses.monoprix.fr/images-v3/0c44253f-c4a3-4340-9d37-d41e42b9d14a/60446a52-c95f-4e0d-8f48-fac129aa66b8/300x300.jpg
Noël,fc8f784b-8416-47f8-8e03-181b6786f058,MPX_2093317,Lindt Lindor Lait Cornet 337g,9.19,27.27,"['Noël', 'Chocolats de Noël', 'Assortiments de chocolats', 'Lindt']",Lindt,True,False,false,2.0,MONTH,337g,[],https://courses.monoprix.fr/images-v3/0c44253f-c4a3-4340-9d37-d41e42b9d14a/560b5f0c-e939-49a7-a8eb-75f41cf621b3/300x300.jpg
Noël,cecc95a6-d5cd-4b48-b78b-96456cf3af9a,MPX_4122886,Révillon féerique lait blanc 360g,10.99,30.53,"['Noël', 'Chocolats de Noël', 'Papillotes']",REVILLON CHOCOLATIER,True,False,false,2.0,MONTH,360g,[],https://courses.monoprix.fr/images-v3/0c44253f-c4a3-4340-9d37-d41e42b9d14a/eaaeaadc-4a98-4bbc-bc25-69f2f97c075d/300x300.jpg
Noël,98a34eb1-2549-40c1-b863-a512b0c27444,MPX_5539974,Delpeyrat magret de canard tranché fumé 70g,5.19,74.14,"['Boucherie et Volaille', 'Volaille', 'Canard et caille']",Delpeyrat,True,False,false,3.0,WEEK,70g,[],https://courses.monoprix.fr/images-v3/0c44253f-c4a3-4340-9d37-d41e42b9d14a/4e5086f0-cf7d-407c-82a9-5c46f074c7e9/300x300.jpg
Noël,8b12a806-9ba4-4ec9-a796-6d832ba1f25e,MPX_6740836,Luana Belmondo x Monoprix Burrata Di Bufala 125g,3.29,26.32,"['Charcuterie et Traiteur', 'Boutique Luana Belmondo', 'Boutique Luana Belmondo']",Luana Belmondo x Monoprix,True,False,false,1.0,WEEK,125g,[],https://courses.monoprix.fr/images-v3/0c44253f-c4a3-4340-9d37-d41e42b9d14a/30f2a68c-2864-42a2-ae46-c9a72ba9aaf1/300x300.jpg
Noël,f54d97fd-ed3a-4ab8-9d10-6759ca47edb5,MPX_6754207,Poulet Sauce Girolles Purée 350g Danny Khezzar & Monoprix,5.89,16.83,"['Surgelés', 'La boutique Danny Khezzar', 'Danny Khezzar']",Danny Khezzar x Monoprix,True,False,false,6.0,MONTH,350g,['Produit congelé'],https://courses.monoprix.fr/images-v3/0c44253f-c4a3-4340-9d37-d41e42b9d14a/226723e1-a8e7-4437-b1d6-78fdece3c2ac/300x300.jpg
Noël,72030623-5b74-42bd-8cc0-76184cb98876,MPX_2521116,Marie-Anne Cantin Fromage Mont d'Or AOP 500g,13.5,27.0,"['La Halle', 'Boutique Marie Anne Cantin']",MARIE ANNE CANTIN,True,False,false,2.0,WEEK,500g,[],https://courses.monoprix.fr/images-v3/0c44253f-c4a3-4340-9d37-d41e42b9d14a/6e5c0e5f-79c3-4b15-9382-4ac39702a37e/300x300.jpg
Noël,ba7594f5-1bd6-4541-81af-78a2a9990963,MPX_2507022,"Jacquet Toast Rond Brioché, Nature 500G",3.79,7.58,"['Pain et Viennoiserie', 'Toast, Canapé et Blini', 'Toast et Canapé']",Jacquet,True,False,false,4.0,WEEK,500g,[],https://courses.monoprix.fr/images-v3/0c44253f-c4a3-4340-9d37-d41e42b9d14a/258ef299-fe0c-43b2-84a3-0a2aa1e2cf41/300x300.jpg
Noël,2de5cd1b-7d92-4c6d-a773-ae9cc89bc926,MPX_6754208,Sauté de Porc Moutarde Duo Riz 350g Danny Khezzar & Monoprix,5.89,16.83,"['Surgelés', 'La boutique Danny Khezzar', 'Danny Khezzar']",Monoprix,True,False,false,6.0,MONTH,350g,['Produit congelé'],https://courses.monoprix.fr/images-v3/0c44253f-c4a3-4340-9d37-d41e42b9d14a/ffe34897-c0a7-4644-99b3-30a3a342e7da/300x300.jpg
Noël,be042536-eae3-4d8c-bd14-8d2ee34659c2,MPX_6224918,Monoprix Gourmet rillettes thons poivre timur 140g,2.65,18.93,"['Noël', 'Les Pépites de Monoprix pour Noël', 'Les essentiels Monoprix Gourmet']",Monoprix Gourmet,True,False,false,1.0,WEEK,140g,[],https://courses.monoprix.fr/images-v3/0c44253f-c4a3-4340-9d37-d41e42b9d14a/2d442647-2d11-4002-89fc-92f33d41ac87/300x300.jpg
Noël,f2d1b50b-0408-4fb7-bd4d-1f5ccab37b87,MPX_967143,"Ayala Champagne AOP, brut 75cl",38.9,51.87,"['Noël', 'Menu des fêtes', 'Les Champagnes']",Champagne Ayala,True,False,false,,,750ml,[],https://courses.monoprix.fr/images-v3/0c44253f-c4a3-4340-9d37-d41e42b9d14a/c974f1bb-77be-4883-9615-d39e3b46f79c/300x300.jpg
Noël,86465a65-a299-4da5-810b-58f545f921db,MPX_5539966,Révillon Authentique Noir Majeur Noir 360g,7.99,22.19,"['Noël', 'Chocolats de Noël', 'Papillotes']",Revillon chocolatier,True,False,false,2.0,MONTH,360g,[],https://courses.monoprix.fr/images-v3/0c44253f-c4a3-4340-9d37-d41e42b9d14a/a650274d-0a0f-4b3d-9e89-d0cc1ffbefde/300x300.jpg
Noël,bbc19bdc-e79d-425f-ab8d-9746c09a27e5,MPX_3624984,Marie Anne Cantin Mini Reblochon Fermier AOP 40g,7.49,31.21,"['La Halle', 'Boutique Marie Anne Cantin']",Marie-Anne Cantin,True,False,false,2.0,WEEK,240g,[],https://courses.monoprix.fr/images-v3/0c44253f-c4a3-4340-9d37-d41e42b9d14a/68375a4d-7271-40f7-b46d-2b457bd3d2f3/300x300.jpg
Noël,89adbea1-03b9-4482-9118-64e684eaf0f2,MPX_4214456,Marie Anne Cantin Assortiment de Fromage Fumé & Truffé pour Raclette 550g,12.9,23.45,"['Noël', 'Promos de Noël', ""Promos repas festif,\xa0jusqu'à 50% sur le 2ème sur une sélection festive""]",Marie-Anne Cantin,True,False,false,1.0,WEEK,550g,[],https://courses.monoprix.fr/images-v3/0c44253f-c4a3-4340-9d37-d41e42b9d14a/c78cde02-c02a-4211-9d11-d63069536270/300x300.jpg
Noël,f2a78da7-f3c4-42d2-a852-3c1fa910ff24,MPX_6722038,Monoprix Papillotes 3 Variétés Praliné Chocolat Lait & Noir 350g,6.99,19.97,"['Nos sélections', 'Nouveau sur le site', 'Epicerie']",Monoprix,True,False,false,2.0,MONTH,350g,[],https://courses.monoprix.fr/images-v3/0c44253f-c4a3-4340-9d37-d41e42b9d14a/35910bb1-85d7-4a6c-a38a-92e4d33f562c/300x300.jpg
Noël,d8448e95-e435-42e4-98e8-8e8c98e18ee2,MPX_5529755,La Reine Jeanne Calissons d'Aix 500g,16.99,33.98,"['Noël', 'Chocolats de Noël', 'Calissons, Pâtes de fruits et Nougats']",La Reine Jeanne,True,False,false,2.0,MONTH,500g,[],https://courses.monoprix.fr/images-v3/0c44253f-c4a3-4340-9d37-d41e42b9d14a/08a25188-e412-4ff1-98c0-b7af4f6ed554/300x300.jpg
Noël,38db482e-f378-4bda-b989-886d26141a71,MPX_6740841,Luana Belmondo x Monoprix Pecorino Romano Dop 200g,6.29,31.45,"['Charcuterie et Traiteur', 'Boutique Luana Belmondo', 'Boutique Luana Belmondo']",Luana Belmondo x Monoprix,True,False,false,4.0,WEEK,200g,[],https://courses.monoprix.fr/images-v3/0c44253f-c4a3-4340-9d37-d41e42b9d14a/3c883922-580e-4f7a-86e2-99f962c8f655/300x300.jpg
Noël,03f3be1b-7a97-46c9-ac33-27d5e540395e,MPX_5539967,Révillon Authentique Accord Majeur Noir Lait & Blanc 360g,9.19,25.53,"['Noël', 'Chocolats de Noël', 'Papillotes']",Revillon chocolatier,True,False,false,2.0,MONTH,360g,[],https://courses.monoprix.fr/images-v3/0c44253f-c4a3-4340-9d37-d41e42b9d14a/c8032ec8-532b-492b-b2fb-d642843a2c47/300x300.jpg
Noël,6b018297-2c3f-4a86-ace2-85bfb206c249,MPX_3624981,Marie Anne Cantin Raclette de Savoie au Lait Cru 400g,10.5,26.25,"['La Halle', 'Boutique Marie Anne Cantin']",Marie-Anne Cantin,True,False,false,2.0,WEEK,400g,[],https://courses.monoprix.fr/images-v3/0c44253f-c4a3-4340-9d37-d41e42b9d14a/e57eebdc-6c3d-4b33-8a68-6e034fd19adc/300x300.jpg
Noël,c96f0854-465b-4784-893f-ef44d277610f,MPX_66423,"Monoprix Gourmet Pintade Fermière Du Gers Élevée En Plein Air, Origine Sud-Ouest 1,3Kg",16.52,11.39,"['Boucherie et Volaille', 'Boucherie', 'Boucherie à la coupe']",Monoprix Gourmet,True,False,false,3.0,DAY,1.45,[],https://courses.monoprix.fr/images-v3/0c44253f-c4a3-4340-9d37-d41e42b9d14a/f800055a-480b-4ed0-b7ce-d57dc8c4e17d/300x300.jpg
Noël,721e2e84-2fec-4d4a-946d-6f23000247d2,MPX_5991437,Fossier Le biscuit rose de reims sachet 250g,4.99,19.96,"['Noël', 'Menu des fêtes', 'Les Desserts festifs', 'Autres gourmandises']",Fossier,True,False,false,2.0,MONTH,250g,['Produit halal'],https://courses.monoprix.fr/images-v3/0c44253f-c4a3-4340-9d37-d41e42b9d14a/229342cf-e4b9-46aa-ae36-ff6c8a20be37/300x300.jpg
Noël,13049f65-35ac-40da-a430-2d19ed73429b,MPX_6751816,Tarte Chocolat Biscuit Noisette 450g Danny Khezzar & Monoprix,10.9,24.22,"['Surgelés', 'La boutique Danny Khezzar', 'Danny Khezzar']",Danny Khezzar x Monoprix,True,False,false,2.0,MONTH,450g,['Produit congelé'],https://courses.monoprix.fr/images-v3/0c44253f-c4a3-4340-9d37-d41e42b9d14a/05261cad-3031-4ac8-aa0e-e4cfe43928c3/300x300.jpg
Noël,efa391cf-8cf0-4d51-b850-61df8e217e9b,MPX_1290,Canard-Duchêne Champagne brut AOP 75cl,27.9,37.2,"['Noël', 'Menu des fêtes', 'Les Champagnes']",Champagne canard-duchene,True,False,false,,,75cl,[],https://courses.monoprix.fr/images-v3/0c44253f-c4a3-4340-9d37-d41e42b9d14a/ee4d4c59-37e3-4963-ae5a-5e3dfe423f14/300x300.jpg
Noël,e3699482-b693-4909-90d9-65cd382cebc8,MPX_1666237,"Gobillard & Fils Champagne Aop, Rosé 75cl",26.9,35.87,"['Noël', 'Menu des fêtes', 'Les Champagnes']",Gobillard & Fils,True,False,false,,,750ml,[],https://courses.monoprix.fr/images-v3/0c44253f-c4a3-4340-9d37-d41e42b9d14a/3ee99ac7-d958-45fd-a909-9c0fe4cc16bb/300x300.jpg
Noël,fd106e2e-07d6-4e1e-adeb-428a10fd678b,MPX_2409535,Ruhlmann Crémant d'Alsace AOP brut 75cl,9.3,12.4,"['Noël', 'Menu des fêtes', 'Les Vins, Effervescents et Alcools']",Ruhlmann,True,False,false,,,750ml,[],https://courses.monoprix.fr/images-v3/0c44253f-c4a3-4340-9d37-d41e42b9d14a/472f0ccd-bdc3-4964-980b-0f63e7754c69/300x300.jpg
Noël,b09820ef-e3e7-4df6-beb0-68589ef72f64,MPX_3740568,Monoprix Gourmet Risotto truffe 250g,5.49,21.96,"['Noël', 'Menu des fêtes', 'Les Plats et Accompagnements', 'Les Accompagnements']",Monoprix Gourmet,True,False,false,2.0,MONTH,250g,[],https://courses.monoprix.fr/images-v3/0c44253f-c4a3-4340-9d37-d41e42b9d14a/d7080356-681c-4bbf-8022-b21769766637/300x300.jpg
Noël,b1104b95-699a-48ca-8172-1f3615ae9cf9,MPX_1877711,Château Musset Chevalier Saint-Emilion Grand Cru Aop Rouge 75Cl,13.9,18.53,"['Noël', 'Les offres de Noël', 'Nos offres sur la cave']",Château Musset Chevalier,True,False,false,,,750ml,[],https://courses.monoprix.fr/images-v3/0c44253f-c4a3-4340-9d37-d41e42b9d14a/cee07d98-eff5-48ee-b336-7606a06657e6/300x300.jpg
Noël,d2b94959-8ef2-45fd-9496-161eeaab1df4,MPX_2353699,Delpierre Crevettes Décortiquées 180G,7.0,38.89,"['Noël', 'Promos de Noël', ""Promos repas festif,\xa0jusqu'à 50% sur le 2ème sur une sélection festive""]",Delpierre,True,False,false,5.0,DAY,180g,[],https://courses.monoprix.fr/images-v3/0c44253f-c4a3-4340-9d37-d41e42b9d14a/af3791ac-3970-4b1e-ae1e-ab4d49c07d3e/300x300.jpg
Noël,e5c47604-b474-4ffa-82d3-c6c2be333864,MPX_3183512,Château Quillet Bordeaux AOP Rouge Bio 75cl,6.9,9.2,"['Bio', 'Boisson et Cave bio', 'Cave bio']",Château Quillet,True,False,false,,,75cl,['Produit bio'],https://courses.monoprix.fr/images-v3/0c44253f-c4a3-4340-9d37-d41e42b9d14a/866c7334-7c62-4716-9c37-c89b7237d90f/300x300.jpg
Noël,5c946563-1b9d-4509-badc-8bc1060d37e8,MPX_6672130,Blini Guacamole 100g,1.49,14.9,"['Epicerie Salée', 'Produit apéritif', 'Tartinable et Produit de la Mer', 'Tapenade et Autre Tartinable']",Blini,True,False,false,1.0,WEEK,100g,['Produit végétarien'],https://courses.monoprix.fr/images-v3/0c44253f-c4a3-4340-9d37-d41e42b9d14a/8ec9baf0-1b7f-414e-9d23-b26d6d36b017/300x300.jpg
Noël,96ea7327-fe14-40ee-b88e-f529cac2974f,MPX_3670413,El Pozo Fuetec À La Truffe 150G,5.15,34.33,"['Noël', 'Promos de Noël', ""Promos repas festif,\xa0jusqu'à 50% sur le 2ème sur une sélection festive""]",ELPOZO,True,False,false,4.0,WEEK,150g,[],https://courses.monoprix.fr/images-v3/0c44253f-c4a3-4340-9d37-d41e42b9d14a/d3e7c458-c22a-450c-aaa7-c84a7027eb6f/300x300.jpg
Noël,022ca4c9-b70c-4788-9df5-cc113c2032e2,MPX_2351423,Château du Clos Delord Bordeaux supérieur rouge 75 cl,5.9,7.87,"['Noël', 'Les offres de Noël', 'Nos offres sur la cave']",NoBrand,True,False,false,,,750ml,[],https://courses.monoprix.fr/images-v3/0c44253f-c4a3-4340-9d37-d41e42b9d14a/0ce52834-eef8-4b06-9bb2-267d06d2da2e/300x300.jpg
Noël,5122e10a-b5af-45e0-80f1-9b2aaf1946e8,MPX_5405247,Lindt Calendrier de l'avent Teddy 2,13.09,62.04,"['Noël', ""Calendriers de l'Avent"", 'Chocolats']",Lindt,True,False,false,2.0,MONTH,211g,['Produit végétarien'],https://courses.monoprix.fr/images-v3/0c44253f-c4a3-4340-9d37-d41e42b9d14a/084e577b-3241-43ee-909b-ecf1e206e2c4/300x300.jpg
Noël,a484fb3c-ceb0-455d-8746-ef421a93c58f,MPX_2020378,Château Cayla Cadillac Côtes De Bordeaux Aop Rouge 75Cl,6.49,8.65,"['Noël', 'Les offres de Noël', 'Nos offres sur la cave']",CHATEAU CAYLA ,True,False,false,,,750ml,[],https://courses.monoprix.fr/images-v3/0c44253f-c4a3-4340-9d37-d41e42b9d14a/b6e1a9dd-5c66-4f6e-b999-eb081121dd70/300x300.jpg
Noël,e5d61ec4-3d08-4a0d-bdb3-e7f74f977b4b,MPX_2822983,Croix D'Albret Vin Rouge Bordeaux AOP Bio 75cl,5.45,7.27,"['Bio', 'Boisson et Cave bio', 'Cave bio']",croix d'albret,True,False,false,,,750ml,['Produit bio'],https://courses.monoprix.fr/images-v3/0c44253f-c4a3-4340-9d37-d41e42b9d14a/902d0469-602d-433c-998d-c95cb094e1e2/300x300.jpg
Noël,81b6d14c-8c37-442c-8e09-fc8139886fc4,MPX_1629151,"Champagne Esterlin Champagne Aop, Brut 75Cl",22.9,30.53,"['Noël', 'Promos de Noël', ""Promos repas festif,\xa0jusqu'à 50% sur le 2ème sur une sélection festive""]",Champagne ESTERLIN,True,False,false,,,750ml,[],https://courses.monoprix.fr/images-v3/0c44253f-c4a3-4340-9d37-d41e42b9d14a/6aa8a8a1-0221-490e-bf39-4fb7cee19148/300x300.jpg
Noël,7b45f566-2bc4-49b5-bab3-aff5f8653715,MPX_565441,Louis Bouillot Crémant de Bourgogne AOP brut 75cl,10.9,14.53,"['Noël', 'Promos de Noël', ""Promos repas festif,\xa0jusqu'à 50% sur le 2ème sur une sélection festive""]",LOUIS BOUILLOT,True,False,false,,,750ml,[],https://courses.monoprix.fr/images-v3/0c44253f-c4a3-4340-9d37-d41e42b9d14a/f0f80a35-88eb-49ab-bb49-90b3cdd687e9/300x300.jpg
Noël,d30e1958-9a5b-47a7-9b25-28923c5d3122,MPX_4027925,Château D'Arcole Saint-Emilion Vin Rouge Bio 75cl,19.95,26.6,"['Bière, Cave et Spiritueux', 'Cave Bio', 'Vins Bio']",Château d'Arcole,True,False,false,6.0,MONTH,75cl,['Produit bio'],https://courses.monoprix.fr/images-v3/0c44253f-c4a3-4340-9d37-d41e42b9d14a/6abc2c77-97c9-4287-a0b6-bfb9b57fb8fc/300x300.jpg
Noël,b79f9af6-049c-49b5-8c40-610cf144dde2,MPX_1848388,Delpeyrat Confit De Canard Du Sud-Ouest 550G,12.99,23.62,"['Noël', 'Promos de Noël', ""Promos repas festif,\xa0jusqu'à 50% sur le 2ème sur une sélection festive""]",Delpeyrat,True,False,false,6.0,MONTH,550g,[],https://courses.monoprix.fr/images-v3/0c44253f-c4a3-4340-9d37-d41e42b9d14a/7e04eebf-8f06-4eed-8f98-a4d25e0ad35b/300x300.jpg
Noël,9d12cd10-be56-4d7d-a205-3c505766131c,MPX_3835968,Monoprix Bloc De Foie Gras Au Poivre 100g,7.99,79.9,"['Charcuterie et Traiteur', 'Charcuterie', 'Pâté, Rillette et Foie gras', 'Foie gras']",Monoprix,True,False,false,2.0,WEEK,100g,[],https://courses.monoprix.fr/images-v3/0c44253f-c4a3-4340-9d37-d41e42b9d14a/aecbb93c-ef21-4d1a-b591-174a35ef0fd2/300x300.jpg
Noël,0df083ab-a31a-416f-a3c9-8d82f12de3e4,MPX_3033035,Monoprix Gourmet Truffes Chocolat Noir 250g,7.19,28.76,"['Noël', 'Promos de Noël', ""Promo Chocolats, jusqu'à 50% sur le 2ème sur une sélection chocolats \u200bde noël""]",Monoprix Gourmet,True,False,false,2.0,MONTH,250g,[],https://courses.monoprix.fr/images-v3/0c44253f-c4a3-4340-9d37-d41e42b9d14a/9609c057-7a07-49f2-92dd-04bc6ec516ac/300x300.jpg
Noël,f0b7a42a-29d1-4780-8c79-d6efabc66aef,MPX_6616978,Monoprix Gourmet escargots praliné chocolat au lait 200g,5.39,26.95,"['Noël', 'Chocolats de Noël', 'Assortiments de chocolats', 'Monoprix Gourmet']",Monoprix gourmet,True,False,false,2.0,MONTH,200g,[],https://courses.monoprix.fr/images-v3/0c44253f-c4a3-4340-9d37-d41e42b9d14a/c1e4a796-a17e-4d53-bfd4-afca7d5de161/300x300.jpg
Noël,63fd6294-8206-41d8-b7fe-94a55b572f6d,MPX_1237555,"Château Prieuré Lalande Côtes-De-Bourg Aop, Rouge 75cl",5.49,7.32,"['Noël', 'Les offres de Noël', 'Nos offres sur la cave']","CHÂTEAU PRIEURE LALANDE, Côtes de Bourg",True,False,false,,,750ml,[],https://courses.monoprix.fr/images-v3/0c44253f-c4a3-4340-9d37-d41e42b9d14a/9668a408-a4a5-4382-a2c8-46e3251807de/300x300.jpg
Noël,268611a6-afef-4369-8226-5396355cf441,MPX_3858949,Galup Panettone Recette Originale 750g,15.99,21.32,"['Pain et Viennoiserie', 'Pain au lait et Brioche', 'Panettone et Stollen']",Galup,True,False,false,1.0,MONTH,750g,['Produit végétarien'],https://courses.monoprix.fr/images-v3/0c44253f-c4a3-4340-9d37-d41e42b9d14a/4eca2244-0ae6-4a79-84e5-4094d77dfb29/300x300.jpg
Noël,1f708928-d9a7-4288-a373-77d81ddce108,MPX_145067,Blini Tarama aux œufs de cabillaud 250g,4.29,17.16,"['Epicerie Salée', 'Produit apéritif', 'Tartinable et Produit de la Mer', 'Houmous et Tarama']",Blini,True,False,false,1.0,WEEK,250g,[],https://courses.monoprix.fr/images-v3/0c44253f-c4a3-4340-9d37-d41e42b9d14a/1fd4c53b-9f0f-4c04-834e-a381e1766db9/300x300.jpg
Noël,14ecb6ea-843f-4e56-9517-a407c80248ea,MPX_1760813,"Château Côte Montpezat Castillon Côtes De Bordeaux Aop, Rouge 75Cl",8.8,11.73,"['Noël', 'Les offres de Noël', 'Nos offres sur la cave']",Château Côte Montpezat,True,False,false,,,750ml,[],https://courses.monoprix.fr/images-v3/0c44253f-c4a3-4340-9d37-d41e42b9d14a/32738c1e-a86b-4d2b-8c03-b8d9d9ed28ff/300x300.jpg
Noël,7f247771-4d64-48f7-8c77-4771877975ab,MPX_4123330,Lindt Pyrénéens Chocolat Au Lait 175g,6.99,39.94,"['Noël', 'Chocolats de Noël', 'Assortiments de chocolats', 'Lindt']",Lindt,True,False,false,2.0,MONTH,175g,[],https://courses.monoprix.fr/images-v3/0c44253f-c4a3-4340-9d37-d41e42b9d14a/529e6136-d380-41ef-9fe8-13231999fed6/300x300.jpg
Noël,bdd7b39f-8eea-4c3e-b0f9-b28b44ff006f,MPX_2852421,Le Gall Beurre De Baratte La Motte D'Antan Aux Cristaux De Sel 250G,3.85,15.4,"['Noël', 'Promos de Noël', ""Promos repas festif,\xa0jusqu'à 50% sur le 2ème sur une sélection festive""]",LE GALL,True,False,false,3.0,WEEK,250g,[],https://courses.monoprix.fr/images-v3/0c44253f-c4a3-4340-9d37-d41e42b9d14a/90372d83-ad79-4831-9da3-27ce19faaf76/300x300.jpg
Noël,913f3b89-9d9a-4561-a01e-766b49a8ee6f,MPX_3293394,Lindt Champs-Elysées Boîte De Chocolats Assortis 182g,8.19,45.0,"['Noël', 'Chocolats de Noël', 'Assortiments de chocolats', 'Lindt']",Lindt,True,False,false,2.0,MONTH,182g,[],https://courses.monoprix.fr/images-v3/0c44253f-c4a3-4340-9d37-d41e42b9d14a/e39f5414-0958-4c1d-8099-a9a50b3d6081/300x300.jpg
Noël,aca6095b-6b70-4e13-9830-f79f201a85b3,MPX_1965774,Martini Martini Spumante Prosecco 75Cl,9.79,13.05,"['Produits du monde', 'Italie - Italia', 'Boissons']",Martini,True,False,false,,,750ml,[],https://courses.monoprix.fr/images-v3/0c44253f-c4a3-4340-9d37-d41e42b9d14a/86524fad-d55b-4835-90ae-e67416c2734c/300x300.jpg
Noël,dce9d5e6-c098-410c-8126-89574e6ff235,MPX_2094475,Monoprix Gourmet Boîte de Giandujas aux noisettes 170g,9.19,54.06,"['Noël', 'Chocolats de Noël', 'Assortiments de chocolats', 'Monoprix Gourmet']",Monoprix Gourmet,True,False,false,2.0,MONTH,170g,[],https://courses.monoprix.fr/images-v3/0c44253f-c4a3-4340-9d37-d41e42b9d14a/3ffb9a96-32a5-4a1b-9b7b-987302692bfb/300x300.jpg
Noël,cf6e641e-6f5a-4d0a-9e7c-895631948536,MPX_2336344,Prunier Mousse Pur Canard 170G,3.79,22.29,"['Noël', 'Promos de Noël', ""Promos repas festif,\xa0jusqu'à 50% sur le 2ème sur une sélection festive""]",Maison Prunier,True,False,false,1.0,WEEK,170g,[],https://courses.monoprix.fr/images-v3/0c44253f-c4a3-4340-9d37-d41e42b9d14a/f8090aca-a3f8-4b0b-b60e-7c230509bfb2/300x300.jpg
Noël,c5446a98-2fe8-4be9-bfc8-705a8fea0525,MPX_147077,Le Gaulois Foies De Volaille Confits 300G,3.65,12.17,"['Noël', 'Promos de Noël', ""Promos repas festif,\xa0jusqu'à 50% sur le 2ème sur une sélection festive""]",Le Gaulois,True,False,false,2.0,WEEK,300g,['Produit bio'],https://courses.monoprix.fr/images-v3/0c44253f-c4a3-4340-9d37-d41e42b9d14a/712273eb-6465-4fdd-ae52-02bd4c1ebacc/300x300.jpg
Noël,3912abf2-99d0-48e7-98bb-bcbc955ca3d7,MPX_1863294,Michel Bolard Plateau De 4 Pâtés En Croûte Cocktail,5.99,23.4,"['Noël', 'Promos de Noël', ""Promos repas festif,\xa0jusqu'à 50% sur le 2ème sur une sélection festive""]",MAISON BOLARD,True,False,false,4.0,DAY,256g,[],https://courses.monoprix.fr/images-v3/0c44253f-c4a3-4340-9d37-d41e42b9d14a/ed2e210e-cabc-404c-8b40-222b168fe8cd/300x300.jpg
Noël,3784b347-006f-4365-8322-7aff213f6020,MPX_2118899,Prieuré Les Tours Graves AOP Rouge 75cl,11.9,15.87,"['Noël', 'Les offres de Noël', 'Nos offres sur la cave']",NoBrand,True,False,false,,,750ml,[],https://courses.monoprix.fr/images-v3/0c44253f-c4a3-4340-9d37-d41e42b9d14a/ec258dee-212e-4f01-8f20-1a07c4ff4083/300x300.jpg
Noël,9dec3391-c3dc-4b67-913d-5e6543b9bc65,MPX_2259711,Château Du Plantier Rouge 75Cl,4.5,6.0,"['Noël', 'Les offres de Noël', 'Nos offres sur la cave']",CHÂTEAU DU PLANTIER,True,False,false,,,750ml,[],https://courses.monoprix.fr/images-v3/0c44253f-c4a3-4340-9d37-d41e42b9d14a/d050585e-8d0c-4898-9bfc-f03f2ef376ee/300x300.jpg
Noël,16fa173c-0390-43a0-8806-f70a5b6a392f,MPX_724449,Louis Bouillot Aop. Crémant De Bourgogne. Rosé Brut. Perle D'Aurore 75Cl,10.9,14.53,"['Noël', 'Promos de Noël', ""Promos repas festif,\xa0jusqu'à 50% sur le 2ème sur une sélection festive""]",LOUIS BOUILLOT,True,False,false,,,750ml,[],https://courses.monoprix.fr/images-v3/0c44253f-c4a3-4340-9d37-d41e42b9d14a/5d027dbd-50b0-409d-9948-29e62aa7bde0/300x300.jpg
Noël,59f74922-8c52-4087-a6db-b0fb57d94976,MPX_2576654,Mouton Cadet Bordeaux Vin Rosé Aop 75cl,8.99,11.99,"['Nos sélections', 'Inspiration du moment', '& Barbecue', 'Bière, Cave et Spiritueux']",Mouton cadet,True,False,false,,,750ml,[],https://courses.monoprix.fr/images-v3/0c44253f-c4a3-4340-9d37-d41e42b9d14a/0a1f2570-2d47-4239-ac44-b926a42a5470/300x300.jpg
Noël,49c9445c-46c5-4b48-beb8-e2904873a193,MPX_2975877,Devaux Champagne Brut AOP 75cl,27.9,37.2,"['Noël', 'Promos de Noël', ""Promos repas festif,\xa0jusqu'à 50% sur le 2ème sur une sélection festive""]",Devaux,True,False,false,,,75cl,[],https://courses.monoprix.fr/images-v3/0c44253f-c4a3-4340-9d37-d41e42b9d14a/c7797ad3-58de-4fca-a4a8-c6c631bfa178/300x300.jpg
Noël,88404364-e08d-4fa7-9b07-00c6b8a5054b,MPX_6711045,Côté Mer Crabe Chair 105g,3.09,29.43,"['Noël', 'Promos de Noël', ""Promos repas festif,\xa0jusqu'à 50% sur le 2ème sur une sélection festive""]",Côté mer,True,False,false,6.0,MONTH,105g,[],https://courses.monoprix.fr/images-v3/0c44253f-c4a3-4340-9d37-d41e42b9d14a/a1c04d50-e625-4171-816d-01c3922973f5/300x300.jpg
Noël,a7a91ba8-5a50-4a14-a52a-7bd4eb28aa32,MPX_3957533,Monoprix Gourmet 12 Macarons Dégustation 154g,8.59,55.78,"['Noël', 'Promos de Noël', ""Promos repas festif,\xa0jusqu'à 50% sur le 2ème sur une sélection festive""]",Monoprix Gourmet,True,False,false,6.0,MONTH,154g,['Produit congelé'],https://courses.monoprix.fr/images-v3/0c44253f-c4a3-4340-9d37-d41e42b9d14a/795c3875-fd7d-4649-868d-ba227c7fb5c4/300x300.jpg
Noël,88378195-18f5-47b3-ba5a-bb83da78f703,MPX_4091361,Luna Argenta Prosecco Rose 75cl,8.9,11.87,"['Noël', 'Promos de Noël', ""Promos repas festif,\xa0jusqu'à 50% sur le 2ème sur une sélection festive""]",NoBrand,True,False,false,,,750ml,[],https://courses.monoprix.fr/images-v3/0c44253f-c4a3-4340-9d37-d41e42b9d14a/f33c6234-7ec6-48b6-b634-d6ea39480444/300x300.jpg
Noël,a587654b-ef78-4d88-9aaa-97616d34f5b6,MPX_4123322,Lindt Champs Elysées Calendrier De L'avent 250g,13.79,55.16,"['Noël', ""Calendriers de l'Avent"", 'Chocolats']",Lindt,True,False,false,2.0,MONTH,250g,[],https://courses.monoprix.fr/images-v3/0c44253f-c4a3-4340-9d37-d41e42b9d14a/03f91724-33f8-4d11-9aec-0accee77cbb2/300x300.jpg
Noël,c4d0eb17-50b5-40af-8195-5fda2524ef1b,MPX_1689472,Château Lafont Menaut Pessac-Léognan Aop Vin Rouge 75Cl,13.95,18.6,"['Noël', 'Les offres de Noël', 'Nos offres sur la cave']",Chateau Lafont Menaud,True,False,false,,,750ml,[],https://courses.monoprix.fr/images-v3/0c44253f-c4a3-4340-9d37-d41e42b9d14a/9570b0f8-a38e-4012-a4a9-824eef48e0d4/300x300.jpg
Noël,5f0a4ab1-689e-40df-b4ee-9cad7862ec67,MPX_2960891,Kinder Schoko-Bons Chocolat Au Lait Fourrés Noisettes 200g,3.89,19.45,"['Nos sélections', 'Nos marques du moment', ""Promogaming Fin d'année 2024""]",Kinder,True,False,false,2.0,MONTH,200g,[],https://courses.monoprix.fr/images-v3/0c44253f-c4a3-4340-9d37-d41e42b9d14a/d9bea36a-952f-4fc0-b47b-5d2a7d877c7b/300x300.jpg
Noël,88e42013-be30-4307-bc9e-f5f7137e819c,MPX_4123329,Lindt Pyrénéens Assortiment Chocolat Lait Et Noir 175g,8.19,46.8,"['Noël', 'Chocolats de Noël', 'Assortiments de chocolats', 'Lindt']",Lindt,True,False,false,2.0,MONTH,175g,[],https://courses.monoprix.fr/images-v3/0c44253f-c4a3-4340-9d37-d41e42b9d14a/f344c633-ec27-4caf-a1b7-cf1da3877fae/300x300.jpg
Noël,1092a35a-9d72-4d4e-8b2e-c3ada130a604,MPX_4210922,Labeyrie Bloc de Foie Gras de Canard Barquette 100g,8.99,89.9,"['Charcuterie et Traiteur', 'Charcuterie', 'Pâté, Rillette et Foie gras', 'Foie gras']",Labeyrie,True,False,false,1.0,MONTH,100g,[],https://courses.monoprix.fr/images-v3/0c44253f-c4a3-4340-9d37-d41e42b9d14a/edab2ffa-0aaf-48be-9884-a2753c8a5215/300x300.jpg
Noël,cc573849-77e5-4e44-bd54-cc3bafae630c,MPX_6725562,"Blini Blini À Base De Fromage Frais, Ail Et Fines Herbes 200 g",2.69,13.45,"['Epicerie Salée', 'Produit apéritif', 'Tartinable et Produit de la Mer', 'Tapenade et Autre Tartinable']",Blini,True,False,false,1.0,WEEK,200g,[],https://courses.monoprix.fr/images-v3/0c44253f-c4a3-4340-9d37-d41e42b9d14a/0ab065dd-d6d5-4f71-88d7-b440a92a9aeb/300x300.jpg
Noël,a5e120b6-0570-45c5-b779-93e3646c254c,MPX_1965510,"Château Castaing Côtes-De-Bourg Aop, Rouge 75Cl",7.95,10.6,"['Noël', 'Les offres de Noël', 'Nos offres sur la cave']",Château Castaing,True,False,false,,,750ml,[],https://courses.monoprix.fr/images-v3/0c44253f-c4a3-4340-9d37-d41e42b9d14a/bc46d6cc-8cae-4102-b58b-aec0712e4c73/300x300.jpg
Noël,9f3182d1-17a3-4aa6-84fd-b9a88ff2960e,MPX_6725563,"Blini Blini À Base De Fromage Frais, Tomates Séchées, Ail Et Basilic 150 g",2.69,17.93,"['Epicerie Salée', 'Produit apéritif', 'Tartinable et Produit de la Mer', 'Tapenade et Autre Tartinable']",Blini,True,False,false,1.0,WEEK,150g,[],https://courses.monoprix.fr/images-v3/0c44253f-c4a3-4340-9d37-d41e42b9d14a/972bd5d7-84d7-40df-a239-d44b527c526c/300x300.jpg
Noël,bb652a73-504c-4e94-9085-64b09bc7d115,MPX_2034828,Château Les Aubiers Blaye-Côtes De Bordeaux Aop Bio Rouge 75Cl,6.9,9.2,"['Bio', 'Boisson et Cave bio', 'Cave bio']",Château Les Aubiers,True,False,false,,,750ml,['Produit bio'],https://courses.monoprix.fr/images-v3/0c44253f-c4a3-4340-9d37-d41e42b9d14a/5ece529e-78c4-4b59-b47d-42e709fcbce1/300x300.jpg
Noël,4e6177e6-53a1-43e6-9155-ac7246df705b,MPX_2366177,Monoprix Gourmet Panettone fruits secs confits 100g,2.99,29.9,"['Pain et Viennoiserie', 'Pain au lait et Brioche', 'Panettone et Stollen']",Monoprix Gourmet,True,False,false,4.0,WEEK,100g,[],https://courses.monoprix.fr/images-v3/0c44253f-c4a3-4340-9d37-d41e42b9d14a/d4c64ac8-0fc5-4c43-96d3-fff1750be5d6/300x300.jpg
Noël,e68a095c-d2fb-44b8-9a2c-b23b70eeb8b1,MPX_2428225,"Château Perron AOP Lalande-de-Pomerol, Sélection Jury Gourmet 75cl",17.5,23.33,"['Noël', 'Les offres de Noël', 'Nos offres sur la cave']",NoBrand,True,False,false,1.0,YEAR,750ml,[],https://courses.monoprix.fr/images-v3/0c44253f-c4a3-4340-9d37-d41e42b9d14a/a536e98b-fcfd-4d2c-ab24-2b195c291b63/300x300.jpg
Noël,7278a773-75ae-427f-99db-0afef387f198,MPX_1110484,Château Saint-Vincent Bordeaux Rouge Supérieur 75 Cl,4.99,6.65,"['Noël', 'Les offres de Noël', 'Nos offres sur la cave']",Château Saint Vincent,True,False,false,,,750ml,[],https://courses.monoprix.fr/images-v3/0c44253f-c4a3-4340-9d37-d41e42b9d14a/4a7380ea-32eb-4e8e-875b-84afc819093d/300x300.jpg
Noël,2ebb5d13-b359-44f0-9d67-498362158b95,MPX_1303,Delacre Tea Time Assortiments de Biscuits 1kg,18.9,18.9,"['Noël', 'Promos de Noël', ""Promos repas festif,\xa0jusqu'à 50% sur le 2ème sur une sélection festive""]",Delacre,True,False,false,2.0,MONTH,1kg,['Produit végétarien'],https://courses.monoprix.fr/images-v3/0c44253f-c4a3-4340-9d37-d41e42b9d14a/a6837483-3f4f-4db0-9b12-fcb587e5a600/300x300.jpg
Noël,119e22f1-2767-4df6-a220-737c4a8512a1,MPX_2366179,Monoprix Gourmet panettone raisins secs et écorces d'orange confites 1kg,11.99,11.99,"['Pain et Viennoiserie', 'Pain au lait et Brioche', 'Panettone et Stollen']",Monoprix Gourmet,True,False,false,4.0,WEEK,1kg,[],https://courses.monoprix.fr/images-v3/0c44253f-c4a3-4340-9d37-d41e42b9d14a/79d25ebd-9c0d-4e46-8b0a-b41f641428cf/300x300.jpg
Noël,83bc92ea-3e77-4102-96f8-e52e5d9aa677,MPX_4123312,Lindt Champs Elysées Assortiment De Chocolat Edition Or 181g,8.19,45.25,"['Noël', 'Chocolats de Noël', 'Assortiments de chocolats', 'Lindt']",Lindt,True,False,false,2.0,MONTH,181g,[],https://courses.monoprix.fr/images-v3/0c44253f-c4a3-4340-9d37-d41e42b9d14a/38852992-8af8-45ae-8fe1-37422a44739a/300x300.jpg
Noël,bde4de9a-60aa-435d-9c64-7d6b7bc077ff,MPX_6629472,Labeyrie Apéritif Crème de Foie Gras Figue 120g,7.99,66.58,"['Noël', 'Menu des fêtes', 'Les Foies Gras', 'Confit et Crème']",Labeyrie,True,False,false,2.0,WEEK,120g,[],https://courses.monoprix.fr/images-v3/0c44253f-c4a3-4340-9d37-d41e42b9d14a/3080c3ac-ad5a-402c-8710-962715b14d44/300x300.jpg
Noël,e2ecc511-823e-4267-96e8-ca07e14c0001,MPX_1626188,"Château Cardinal Montagne Saint-Emilion Aop, Rouge 75cl",9.9,13.2,"['Noël', 'Les offres de Noël', 'Nos offres sur la cave']",Château Cardinal,True,False,false,,,750ml,[],https://courses.monoprix.fr/images-v3/0c44253f-c4a3-4340-9d37-d41e42b9d14a/d42d4d16-5fcc-4b53-80ed-2cb9f9333594/300x300.jpg
Noël,0df0517f-5ac3-4fb5-ad39-338d896c55f4,MPX_6719422,Monoprix Calendrier de l'avent Maquillage & Accessoires,19.9,19.9,"['Noël', ""Calendriers de l'Avent"", 'Beauté']",Monoprix,True,False,false,,,,[],https://courses.monoprix.fr/images-v3/0c44253f-c4a3-4340-9d37-d41e42b9d14a/000c23a3-c84e-4979-8b34-6be40eab3469/300x300.jpg
Noël,2e11c38b-1b49-4152-95ff-b27d1c776ad9,MPX_5764681,Monoprix Dés De Saumon Fumé Mariné Citron & Poivre 100G,4.0,40.0,"['Noël', 'Promos de Noël', ""Promos repas festif,\xa0jusqu'à 50% sur le 2ème sur une sélection festive""]",SAVOIR FAIRE QUALITE,True,False,false,1.0,WEEK,100g,[],https://courses.monoprix.fr/images-v3/0c44253f-c4a3-4340-9d37-d41e42b9d14a/97510cfc-f88f-42eb-a915-853d8682b2eb/300x300.jpg
Noël,7f0fffcc-3ca7-4cd2-a9c7-fa489409bd17,MPX_2034635,Nicolas Feuillatte champagne blanc de blanc Millésime 75cl,31.9,42.53,"['Noël', 'Promos de Noël', ""Promos repas festif,\xa0jusqu'à 50% sur le 2ème sur une sélection festive""]",Nicolas Feuillatte,True,False,false,,,750ml,[],https://courses.monoprix.fr/images-v3/0c44253f-c4a3-4340-9d37-d41e42b9d14a/d81ec19c-a9f7-40d0-ae97-b25d2d0c6421/300x300.jpg
Noël,07c7551f-074b-4b1e-971d-fb5717e718e1,MPX_5374534,Lanvin L'Escargot Lait Amande 164g,9.09,55.43,"['Noël', 'Chocolats de Noël', 'Assortiments de chocolats', 'Lanvin']",LANVIN,True,False,false,2.0,MONTH,164g,[],https://courses.monoprix.fr/images-v3/0c44253f-c4a3-4340-9d37-d41e42b9d14a/69d11969-020b-4f80-8d30-114d1bd012c8/300x300.jpg
Noël,afc9c69d-6d4a-44fc-8973-f96d18cf3b31,MPX_2175210,"Bas-Rocher Bordeaux Aop, Rouge 75cl",3.99,5.32,"['Bière, Cave et Spiritueux', 'Cave à vins', 'Vins à petits prix', 'Vin Rouge']",NoBrand,True,False,false,,,750ml,[],https://courses.monoprix.fr/images-v3/0c44253f-c4a3-4340-9d37-d41e42b9d14a/c3a19b06-3076-4a55-ae15-d272711ab0af/300x300.jpg
Noël,9e6cf22f-4cac-4892-b45d-28510838b5c2,MPX_6719586,Mouton Cadet sauvignon blanc bio 75cl,12.5,16.67,"['Noël', 'Les offres de Noël', 'Nos offres sur la cave']",Mouton cadet,True,False,false,,,75cl,['Produit bio'],https://courses.monoprix.fr/images-v3/0c44253f-c4a3-4340-9d37-d41e42b9d14a/bdf8729e-da4f-4ff5-82c4-5b1e56958551/300x300.jpg
Noël,2dcf458b-8ea6-4563-80ef-af167dcdab7f,MPX_2020548,Safa Coeur De Saumon Fumé Norvège 150g,12.5,83.33,"['Noël', 'Promos de Noël', ""Promos repas festif,\xa0jusqu'à 50% sur le 2ème sur une sélection festive""]",Safa,True,False,false,1.0,WEEK,150g,[],https://courses.monoprix.fr/images-v3/0c44253f-c4a3-4340-9d37-d41e42b9d14a/a85ecc2d-3887-4a46-99c1-7b85e6e5bc07/300x300.jpg
Noël,43127e95-1e27-4569-b4de-13caa9c0f481,MPX_3033044,Monoprix Gourmet Ballotin avec assortiment de 24 chocolats 240G,8.79,36.63,"['Noël', 'Chocolats de Noël', 'Assortiments de chocolats', 'Monoprix Gourmet']",Monoprix Gourmet,True,False,false,2.0,MONTH,240g,[],https://courses.monoprix.fr/images-v3/0c44253f-c4a3-4340-9d37-d41e42b9d14a/70893cac-d554-4284-a2df-10292bf638da/300x300.jpg
Noël,f232cc63-b8a6-45b3-aa54-c192ebbf9505,MPX_1994290,"Nobrand Saint-Estèphe Aop, Cru Bourgeois, Rouge 75cl",19.9,26.53,"['Noël', 'Les offres de Noël', 'Nos offres sur la cave']",NoBrand,True,False,false,,,750ml,[],https://courses.monoprix.fr/images-v3/0c44253f-c4a3-4340-9d37-d41e42b9d14a/082127f0-2da3-42d9-8ded-474878c5f565/300x300.jpg
Noël,6fd2f79b-ca97-4115-b019-2d6b5fcc0cb4,MPX_4124924,Monoprix Gourmet Tendresse Framboise 245G,9.69,39.55,"['Noël', 'Promos de Noël', ""Promos repas festif,\xa0jusqu'à 50% sur le 2ème sur une sélection festive""]",Monoprix Gourmet,True,False,false,2.0,MONTH,245g,['Produit congelé'],https://courses.monoprix.fr/images-v3/0c44253f-c4a3-4340-9d37-d41e42b9d14a/6a10c7bf-6993-4e1f-981a-ec5e6294acf3/300x300.jpg
Noël,473bf29a-463a-44bf-8e07-1e7738fc079c,MPX_3609968,Monoprix Gourmet Rillettes de Saumon D'Ecosse Au Saumon Fumé 100g,3.89,38.9,"['Epicerie Salée', 'Produit apéritif', 'Tartinable et Produit de la Mer', 'Rillette de la mer']",Monoprix Gourmet,True,False,false,1.0,YEAR,100g,[],https://courses.monoprix.fr/images-v3/0c44253f-c4a3-4340-9d37-d41e42b9d14a/3122e27c-fed8-4998-b473-058a078bedc6/300x300.jpg
Noël,111e78ab-1618-4cc1-9fa4-5320be2ff72a,MPX_3858943,Galup Pandoro Classique 750g,18.99,25.32,"['Pain et Viennoiserie', 'Pain au lait et Brioche', 'Panettone et Stollen']",Galup,True,False,false,1.0,MONTH,750g,[],https://courses.monoprix.fr/images-v3/0c44253f-c4a3-4340-9d37-d41e42b9d14a/2ac0bf9a-603f-42d9-b4c3-658aaee6d399/300x300.jpg
Noël,d1c7ed8a-39f3-4221-a677-2585dc338297,MPX_6727183,Lindt Teddy calendrier de l'aventure inclus plateau jeu XXL 191g,15.39,80.58,"['Noël', ""Calendriers de l'Avent"", 'Chocolats']",Lindt,True,False,false,2.0,MONTH,191g,['Produit végétarien'],https://courses.monoprix.fr/images-v3/0c44253f-c4a3-4340-9d37-d41e42b9d14a/5eca2f6f-12d6-42a4-87f0-838e78b42018/300x300.jpg
Noël,2a737145-8461-4a17-903d-69e2bc2126c5,MPX_3033045,Monoprix Gourmet Ballotin avec assortiment de 48 fins chocolats 480g,15.49,32.27,"['Noël', 'Chocolats de Noël', 'Assortiments de chocolats', 'Monoprix Gourmet']",Monorpix Gourmet,True,False,false,2.0,MONTH,480g,[],https://courses.monoprix.fr/images-v3/0c44253f-c4a3-4340-9d37-d41e42b9d14a/2b1fb715-9b6e-4496-978b-02fef0bdb034/300x300.jpg
Noël,ddd3ea09-97c7-4021-9d4d-e9d22f819373,MPX_4203263,Delpeyrat Bloc de Foie Gras de Canard du Sud Ouest 260g,22.9,88.08,"['Charcuterie et Traiteur', 'Charcuterie', 'Pâté, Rillette et Foie gras', 'Foie gras']",Delpeyrat,True,False,false,2.0,WEEK,260g,[],https://courses.monoprix.fr/images-v3/0c44253f-c4a3-4340-9d37-d41e42b9d14a/e3d2706b-953b-45b7-b9fd-1bc926628a24/300x300.jpg
Noël,fb5af242-5006-4422-9ea0-f87ed7b7d3c6,MPX_4123313,Lindt Champs Elysées Assortiment Chocolat Au Lait 184g,8.19,44.51,"['Noël', 'Chocolats de Noël', 'Assortiments de chocolats', 'Lindt']",Lindt,True,False,false,2.0,MONTH,184g,[],https://courses.monoprix.fr/images-v3/0c44253f-c4a3-4340-9d37-d41e42b9d14a/d55b375b-0ea9-4bed-a8a0-2cfa20314d84/300x300.jpg
Noël,51be12a8-4b11-4241-b9fe-e8a0b1d2310c,MPX_5395009,Lanvin L'Escargot Blanc 164g,9.09,55.43,"['Noël', 'Chocolats de Noël', 'Assortiments de chocolats', 'Lanvin']",LANVIN,True,False,false,1.0,MONTH,164g,[],https://courses.monoprix.fr/images-v3/0c44253f-c4a3-4340-9d37-d41e42b9d14a/8095fcf2-0f08-4c6f-a97f-9c642593fc95/300x300.jpg
Noël,4d4e32fd-6bcf-4ae7-a9df-3962e20d3a2c,MPX_5764682,Monoprix Dés de Saumon Fumé Mariné Ciboulette Persil 100g,4.0,40.0,"['Noël', 'Promos de Noël', ""Promos repas festif,\xa0jusqu'à 50% sur le 2ème sur une sélection festive""]",Monoprix,True,False,false,1.0,WEEK,100g,[],https://courses.monoprix.fr/images-v3/0c44253f-c4a3-4340-9d37-d41e42b9d14a/486e6f7b-f72c-465c-91b5-0c8330b4fa21/300x300.jpg
Noël,4384b8f5-8f6a-42bb-8ac3-edc4de13b59e,MPX_3648256,Monoprix Gourmet 12 Macarons Sélection 157g,8.59,54.71,"['Epicerie Sucrée', 'Confiture, Pâte à tartiner et Miel', 'Confiture, Miel et Pâte à tartiner bio']",Monoprix Gourmet,True,False,false,6.0,MONTH,157g,['Produit congelé'],https://courses.monoprix.fr/images-v3/0c44253f-c4a3-4340-9d37-d41e42b9d14a/e3290dbd-1f2f-46f5-82fd-265852ee9d96/300x300.jpg
Noël,3d238a22-2ea6-4b92-8e6e-1daf4ed3f709,MPX_2094467,"Monoprix Gourmet Les Marrons Glacés, 12 bouchées gourmandes 240g",18.99,79.13,"['Noël', 'Promos de Noël', ""Promo Chocolats, jusqu'à 50% sur le 2ème sur une sélection chocolats \u200bde noël""]",Monoprix Gourmet,True,False,false,2.0,MONTH,240g,[],https://courses.monoprix.fr/images-v3/0c44253f-c4a3-4340-9d37-d41e42b9d14a/6841d141-bd87-4114-8439-88fe86e91853/300x300.jpg
Noël,6a7aae5f-f023-4ad1-9b6e-c67da33676f0,MPX_4109270,Les Demoiselles de Larrivet Haut-Brion AOC Pessac-Léognan 75cl,25.9,34.53,"['Noël', 'Les offres de Noël', 'Nos offres sur la cave']",Château Larrivet Haut Brion,True,False,false,,,75cl,[],https://courses.monoprix.fr/images-v3/0c44253f-c4a3-4340-9d37-d41e42b9d14a/9bf8b480-a024-456f-a4e7-7f47d0db8839/300x300.jpg
Noël,19e3b287-27da-4037-a092-5f7bbd0de5f5,MPX_6618064,Révillon lait pralinés d'exception 340g,11.49,33.79,"['Noël', 'Promos de Noël', ""Promo Chocolats, jusqu'à 50% sur le 2ème sur une sélection chocolats \u200bde noël""]",Révillon,True,False,false,2.0,MONTH,340g,[],https://courses.monoprix.fr/images-v3/0c44253f-c4a3-4340-9d37-d41e42b9d14a/e09d4a60-2fd8-467e-a3e0-bccbff64e1d9/300x300.jpg
Noël,98770313-f692-4e0c-995c-0cac90da9e71,MPX_6655867,Harrys Toast Brioché 250g,2.19,8.76,"['Pain et Viennoiserie', 'Toast, Canapé et Blini', 'Toast et Canapé']",Harrys,True,False,false,1.0,WEEK,250g,[],https://courses.monoprix.fr/images-v3/0c44253f-c4a3-4340-9d37-d41e42b9d14a/c737b239-0770-43a9-bc61-5201f687f56f/300x300.jpg
Noël,27f380ae-2754-4071-a392-6908eaa9b74c,MPX_6618065,Révillon noir 70% pralinés d'exception 340g,11.49,33.79,"['Noël', 'Promos de Noël', ""Promo Chocolats, jusqu'à 50% sur le 2ème sur une sélection chocolats \u200bde noël""]",Révillon,True,False,false,1.0,MONTH,340g,[],https://courses.monoprix.fr/images-v3/0c44253f-c4a3-4340-9d37-d41e42b9d14a/a178f87d-ea8c-4178-b0cf-588f24dbf0bb/300x300.jpg
Noël,54950554-1525-416c-8390-7e4b9abbc014,MPX_2626421,Château Tour D'Horable Castillon Côtes De Bordeaux Bio Rouge,5.99,7.99,"['Bio', 'Boisson et Cave bio', 'Cave bio']",Château Tour d'Horable,True,False,false,,,750ml,['Produit bio'],https://courses.monoprix.fr/images-v3/0c44253f-c4a3-4340-9d37-d41e42b9d14a/cffea445-6085-4d57-af15-f6fc16626503/300x300.jpg
Noël,b565e7c5-fe75-4323-94d3-cb0e23dbf7a2,MPX_6721214,Smarties Festive Friends 147g,6.89,46.87,"['Noël', 'Chocolats de Noël', 'Chocolats pour enfants']",SMARTIES,True,False,false,2.0,MONTH,147g,[],https://courses.monoprix.fr/images-v3/0c44253f-c4a3-4340-9d37-d41e42b9d14a/7d3918b0-5f3b-413d-85ff-a76f14b377fa/300x300.jpg
Noël,a4ec33ea-56cc-4525-bc9c-67b8148fd881,MPX_3329998,Monoprix Gourmet Foie Gras De Canard Entier Du Sud-Ouest Igp Aux Poivres 120G,15.9,132.5,"['Nos sélections', 'Inspiration du moment', '& Apéro entre amis', 'Charcuterie']",Monoprix,True,False,false,2.0,WEEK,120g,[],https://courses.monoprix.fr/images-v3/0c44253f-c4a3-4340-9d37-d41e42b9d14a/3972e467-27dd-4fb9-9e6a-c53cefe71cb1/300x300.jpg
Noël,85c50c5a-eef0-47ba-8383-d84b4260725f,MPX_2006844,"Treo Mezzaluna, Ricotta & Truffes Blanches 250g",3.45,13.8,"['Noël', 'Promos de Noël', ""Promos repas festif,\xa0jusqu'à 50% sur le 2ème sur une sélection festive""]",Treo,True,False,false,2.0,WEEK,250g,[],https://courses.monoprix.fr/images-v3/0c44253f-c4a3-4340-9d37-d41e42b9d14a/40c6fb03-86bf-40d0-9aaf-6057ec894b6e/300x300.jpg
Noël,99786839-258c-45e1-a2e2-9d02baeb0650,MPX_6618063,Révillon noir 70% ganache noir d'exception 340g,11.49,33.79,"['Noël', 'Promos de Noël', ""Promo Chocolats, jusqu'à 50% sur le 2ème sur une sélection chocolats \u200bde noël""]",Révillon,True,False,false,1.0,MONTH,340g,[],https://courses.monoprix.fr/images-v3/0c44253f-c4a3-4340-9d37-d41e42b9d14a/f7c3714c-ef8e-4c5d-9e5b-aa33ec8b1c62/300x300.jpg
Noël,f3faa58c-9d47-4581-942b-4cd341ef09ea,MPX_2822982,Croix D'Albret Aop Bordeaux. Rosé. Vin Biologique. 75cl,5.45,7.27,"['Bio', 'Boisson et Cave bio', 'Cave bio']",croix d'albret,True,False,false,,,750ml,['Produit bio'],https://courses.monoprix.fr/images-v3/0c44253f-c4a3-4340-9d37-d41e42b9d14a/f6139f2b-e8df-4231-8a43-cc602d025b4f/300x300.jpg
Noël,4fe57c7c-a7b9-459a-aec9-8437999d74c8,MPX_1677756,"Château Picardan Bordeaux Aop, Rouge 75cl",5.9,7.87,"['Noël', 'Les offres de Noël', 'Nos offres sur la cave']",Château Picardan,True,False,false,,,750ml,[],https://courses.monoprix.fr/images-v3/0c44253f-c4a3-4340-9d37-d41e42b9d14a/a0c2abb4-1089-48bf-a3d9-713a20093d1d/300x300.jpg
Noël,097d5c1e-a5d4-47e8-ae70-75c389e1a234,MPX_5405201,Château Haut Maurac AOP Médoc 75cl,12.99,17.32,"['Noël', 'Les offres de Noël', 'Nos offres sur la cave']",CHATEAU HAUT MAURAC,True,False,false,,,75cl,[],https://courses.monoprix.fr/images-v3/0c44253f-c4a3-4340-9d37-d41e42b9d14a/60f584db-5777-4194-80e7-a2862e881ac3/300x300.jpg
Noël,c27a228d-45f7-4485-aac6-652d936402b9,MPX_4123328,Lindt Les Pyrenéens Chocolat Noir 175g,8.19,46.8,"['Noël', 'Chocolats de Noël', 'Assortiments de chocolats', 'Lindt']",Lindt,True,False,false,2.0,MONTH,175g,[],https://courses.monoprix.fr/images-v3/0c44253f-c4a3-4340-9d37-d41e42b9d14a/9f1178f6-b2d4-4612-9dcd-570a413bdf32/300x300.jpg
Noël,978297a6-eeed-45e4-bcd4-95a17383e945,MPX_4203447,Monoprix Bloc de Foie Gras de Canard 330g,21.9,66.36,"['Charcuterie et Traiteur', 'Charcuterie', 'Pâté, Rillette et Foie gras', 'Foie gras']",Monoprix,True,False,false,2.0,WEEK,330g,[],https://courses.monoprix.fr/images-v3/0c44253f-c4a3-4340-9d37-d41e42b9d14a/de7ff26b-b30c-4214-bebb-3c642b239154/300x300.jpg
Noël,89b5dcc6-d988-45ab-8662-0dcc486c67d5,MPX_2220730,After Eight Chocolat Fondant À La Menthe 400g,8.89,22.23,"['Noël', 'Chocolats de Noël', 'Assortiments de chocolats', 'After Eight']",After Eight,True,False,false,2.0,MONTH,400g,[],https://courses.monoprix.fr/images-v3/0c44253f-c4a3-4340-9d37-d41e42b9d14a/cc8b73e5-c895-4d92-a19b-988754765c29/300x300.jpg
Noël,d3451765-d03b-4857-9f27-dfdcb469c4ae,MPX_3046836,"Laurent-Perrier A.O.P. Champagne Laurent Perrier Brut La Cuvée 37,5Cl",22.5,60.0,"['Noël', 'Menu des fêtes', 'Les Champagnes']",LAURENT-PERRIER,True,False,false,,,375ml,[],https://courses.monoprix.fr/images-v3/0c44253f-c4a3-4340-9d37-d41e42b9d14a/69b94dd4-66d4-4f69-ae69-96c391d46c96/300x300.jpg
Noël,7750162b-9316-42d8-969b-8044c693b6cc,MPX_6655868,Harrys Toast Nature 250g,2.19,8.76,"['Pain et Viennoiserie', 'Toast, Canapé et Blini', 'Toast et Canapé']",Harrys,True,False,false,2.0,WEEK,250g,[],https://courses.monoprix.fr/images-v3/0c44253f-c4a3-4340-9d37-d41e42b9d14a/51168c64-d406-41dc-88b8-ddd5dcc7e7fb/300x300.jpg
Noël,69329e21-6e8e-408e-882c-ccf2fdba5050,MPX_6615092,Fjord King dès de saumon aneth façon gravlax 100g,4.0,40.0,"['Noël', 'Promos de Noël', ""Promos repas festif,\xa0jusqu'à 50% sur le 2ème sur une sélection festive""]",Fjord King,True,False,false,1.0,WEEK,100g,[],https://courses.monoprix.fr/images-v3/0c44253f-c4a3-4340-9d37-d41e42b9d14a/9b7744a6-5511-42ca-8fb4-050867f1f2dc/300x300.jpg
Noël,41cee20f-dbaa-43cb-bc86-e5e450f5c7da,MPX_2548407,Saint Jean Supremes souffles volaille morilles 4x120g saint jean,4.89,10.19,"['Noël', 'Promos de Noël', ""Promos repas festif,\xa0jusqu'à 50% sur le 2ème sur une sélection festive""]",Saint-Jean,True,False,false,1.0,WEEK,480g,[],https://courses.monoprix.fr/images-v3/0c44253f-c4a3-4340-9d37-d41e42b9d14a/1798e945-ee0a-494e-aa31-2d639798b340/300x300.jpg
Noël,ffec93ff-658d-468d-9672-ce83a64bb889,MPX_6570819,Blason d'Issan Margaux 75cl,35.0,46.67,"['Noël', 'Les offres de Noël', 'Nos offres sur la cave']",Blason d'Issan,True,False,false,,,75cl,[],https://courses.monoprix.fr/images-v3/0c44253f-c4a3-4340-9d37-d41e42b9d14a/f359bc5f-4ec9-42de-8955-bebeb76e70ba/300x300.jpg
Noël,e5a61925-ac89-4c9f-8fcc-dfe0716e71ec,MPX_6571404,Mouton Cadet Vin Rouge Bordeaux Bio 75 cl,13.0,17.33,"['Noël', 'Les offres de Noël', 'Nos offres sur la cave']",Mouton Cadet,True,False,false,,,75cl,['Produit bio'],https://courses.monoprix.fr/images-v3/0c44253f-c4a3-4340-9d37-d41e42b9d14a/26ef97b5-49c5-4c5a-921a-7fa28d9ef40b/300x300.jpg
Noël,dd0cdd27-2ea4-4266-9839-c5cfc8cc6923,MPX_2865056,Monoprix Gourmet Pain multicéréales 500g,2.99,5.98,"['Nos sélections', 'Inspiration du moment', '& Notre sélection brunch', 'Pains']",Monoprix Gourmet,True,False,false,4.0,WEEK,500g,[],https://courses.monoprix.fr/images-v3/0c44253f-c4a3-4340-9d37-d41e42b9d14a/3a417e56-802f-40eb-b78a-f483666ee117/300x300.jpg
Noël,49a80bb9-a159-44cb-8a31-a200c88df49c,MPX_1561154,Monoprix Gourmet Emincés Saumon Fumé aux 5 Baies 100g,6.99,69.9,"['Produits de la Mer', 'Traiteur de la Mer', 'Saumons et truites fumées']",Monoprix Gourmet,True,False,false,1.0,WEEK,100g,[],https://courses.monoprix.fr/images-v3/0c44253f-c4a3-4340-9d37-d41e42b9d14a/479d8c95-6b75-46ed-b41d-4f74367b8d43/300x300.jpg
Noël,7b7765bd-edd5-4980-90a2-8b1beec442ed,MPX_2494787,Monoprix Gourmet Pain au seigle 500g,2.99,5.98,"['Pain et Viennoiserie', 'Toast, Canapé et Blini', ""Pain d'épice""]",Monoprix Gourmet,True,False,false,2.0,WEEK,500g,[],https://courses.monoprix.fr/images-v3/0c44253f-c4a3-4340-9d37-d41e42b9d14a/e56ad49e-2b50-4fab-a7eb-1a3a211d4977/300x300.jpg
Noël,7398f9fc-e36a-489b-ace8-01b5c305c805,MPX_2575293,Ovive Truite Fumée Pyrénées 4 Tranches 120G,6.99,58.25,"['Produits de la Mer', 'Traiteur de la Mer', 'Saumons et truites fumées']",Ovive,True,False,false,1.0,WEEK,120g,[],https://courses.monoprix.fr/images-v3/0c44253f-c4a3-4340-9d37-d41e42b9d14a/e3fa481e-b364-4f1d-94a4-202c1ac88da1/300x300.jpg
Noël,1a8783ce-0fef-48cc-b206-0dee9d500901,MPX_3418276,Monoprix Gourmet Pâte Feuilletée 230g,1.95,8.48,"['Noël', 'Menu des fêtes', 'Les Plats et Accompagnements', 'Les Accompagnements']",Monoprix Gourmet,True,False,false,1.0,WEEK,230g,[],https://courses.monoprix.fr/images-v3/0c44253f-c4a3-4340-9d37-d41e42b9d14a/adc839cb-f603-449e-8336-9b9ab15c89fa/300x300.jpg
Noël,40406637-84e2-4645-be7c-79adbbf37049,MPX_1559544,Monoprix Gourmet ossau iraty AOP 180g,4.09,22.72,"['Noël', 'Les Pépites de Monoprix pour Noël', 'Les essentiels Monoprix Gourmet']",Monoprix Gourmet,True,False,false,2.0,WEEK,180g,[],https://courses.monoprix.fr/images-v3/0c44253f-c4a3-4340-9d37-d41e42b9d14a/7e824aa9-d0eb-48b6-8fde-92ed7880482b/300x300.jpg
Noël,587f800b-413d-46c1-9e90-a2f0bbbaab0b,MPX_1773521,Monoprix Gourmet Gambas décortiquées 110g,5.99,54.45,"['Noël', 'Menu des fêtes', 'Les Apéritifs festifs']",Monoprix Gourmet,True,False,false,5.0,DAY,110g,[],https://courses.monoprix.fr/images-v3/0c44253f-c4a3-4340-9d37-d41e42b9d14a/b999ec29-cefe-42ae-9a69-3c657d1cd9e4/300x300.jpg
Noël,6ca2dd2f-0004-477a-856e-a8042f2b7804,MPX_1919314,Monoprix Gourmet Gouda Au Cumin 250g,2.88,11.5,"['Noël', 'Menu des fêtes', 'Les Fromages']",Monoprix,True,False,false,1.0,WEEK,250,[],https://courses.monoprix.fr/images-v3/0c44253f-c4a3-4340-9d37-d41e42b9d14a/75ccc88b-6bb0-4ecb-9493-e8cdce22ea8c/300x300.jpg
Noël,4d01168c-d0cd-4423-b1e3-28bdd340b7e5,MPX_1243953,Monoprix Gourmet Saint-Félicien au lait cru 180g,3.09,17.17,"['Nos sélections', 'Inspiration du moment', 'Sélection Charcuterie et Fromage']",Monoprix Gourmet,True,False,false,1.0,WEEK,180g,[],https://courses.monoprix.fr/images-v3/0c44253f-c4a3-4340-9d37-d41e42b9d14a/162b23bc-cdc3-4c0c-b578-0499ab8f9131/300x300.jpg
Noël,f080d3b7-d068-4ad6-ad51-9211d0981e11,MPX_176920,Monoprix Gourmet Tortina Noisette et Chocolat au Lait 126g,3.15,25.0,"['Mes marques Monoprix', 'Monoprix Gourmet', 'Epicerie Sucrée', 'Biscuit et Gâteau']",Monoprix Gourmet,True,False,false,1.0,MONTH,126g,[],https://courses.monoprix.fr/images-v3/0c44253f-c4a3-4340-9d37-d41e42b9d14a/7d99e851-3df6-4071-8b94-2ef1583c5188/300x300.jpg
Noël,8ac14b96-4a25-4117-bf02-eeb4de27d1df,MPX_5539976,Ferrero Rocher Chocolat Noisettes x16 Pièces 200g,5.19,25.95,"['Noël', 'Chocolats de Noël', 'Assortiments de chocolats', 'Ferrero']",Ferrero  rocher,True,False,false,1.0,MONTH,200g,[],https://courses.monoprix.fr/images-v3/0c44253f-c4a3-4340-9d37-d41e42b9d14a/f6139b09-fa09-4a04-99d3-4317e39056b2/300x300.jpg
Noël,68310b78-9fb2-4e48-8d27-7f9afc52aa9f,MPX_2824296,Labeyrie Confit De Canard 2 Cuisses 400g,11.09,27.73,"['Boucherie et Volaille', 'Volaille', 'Canard et caille']",Labeyrie,True,False,false,2.0,MONTH,400g,[],https://courses.monoprix.fr/images-v3/0c44253f-c4a3-4340-9d37-d41e42b9d14a/08623f4e-24bc-4e28-9387-353a41028039/300x300.jpg
Noël,42c5c1d8-54da-4b22-bef8-51a603672ad1,MPX_1684339,Monoprix Blinis 200g,1.32,6.6,"['Pain et Viennoiserie', 'Toast, Canapé et Blini', 'Blini']",Monoprix,True,False,false,1.0,WEEK,200g,[],https://courses.monoprix.fr/images-v3/0c44253f-c4a3-4340-9d37-d41e42b9d14a/4bac4c4b-f29c-4191-b403-a60f9acfc63c/300x300.jpg
Noël,3d26fb9c-401f-4bfe-81a6-b835e139d13e,MPX_5539977,Ferrero Rocher Fines x30 Gaufrettes Enrobées De Chocolat Au Lait Noisettes 375g,8.95,23.87,"['Noël', 'Chocolats de Noël', 'Assortiments de chocolats', 'Ferrero']",Ferrero Rocher,True,False,false,1.0,MONTH,375g,[],https://courses.monoprix.fr/images-v3/0c44253f-c4a3-4340-9d37-d41e42b9d14a/19134c11-f6b0-408f-8e05-f334d465ac3b/300x300.jpg
Noël,8f249ff1-81a3-4fde-999f-d403d5c3d0a5,MPX_1684340,Monoprix Mini blinis 135g,1.19,8.81,"['Pain et Viennoiserie', 'Toast, Canapé et Blini', 'Blini']",Monoprix,True,False,false,1.0,WEEK,135g,[],https://courses.monoprix.fr/images-v3/0c44253f-c4a3-4340-9d37-d41e42b9d14a/bf07acf2-daa9-43e3-b74f-7d1c90cc849c/300x300.jpg
Noël,09fc10f2-683f-4d5f-a33a-36f9ff4be042,MPX_2005643,Demoizet Boudin Blanc De Rethel 230G,4.99,21.7,"['Nos régions de France', 'Grand Est', 'Champagne-Ardenne']",Demoizet,True,False,false,1.0,WEEK,230g,[],https://courses.monoprix.fr/images-v3/0c44253f-c4a3-4340-9d37-d41e42b9d14a/61b62c2a-a0ba-4c02-919f-4326c072356b/300x300.jpg
Noël,679be4a4-3a34-42ca-a04f-e7a9ac302175,MPX_1559543,Monoprix Gourmet Cantal AOP 200g,3.49,17.45,"['Nos sélections', 'Inspiration du moment', 'Sélection Charcuterie et Fromage']",Monoprix Gourmet,True,False,false,2.0,WEEK,200g,[],https://courses.monoprix.fr/images-v3/0c44253f-c4a3-4340-9d37-d41e42b9d14a/c4012566-7a2e-41af-ad8f-adbf15aff90a/300x300.jpg
Noël,26415a6f-df79-40e2-a104-94bfac972718,MPX_2863236,Monoprix Gourmet Tarama Premium 180g,2.99,16.61,"['Epicerie Salée', 'Produit apéritif', 'Tartinable et Produit de la Mer', 'Houmous et Tarama']",Monoprix Gourmet,True,False,false,1.0,WEEK,180g,[],https://courses.monoprix.fr/images-v3/0c44253f-c4a3-4340-9d37-d41e42b9d14a/38bbc271-9d67-4f17-805e-5e88c777569b/300x300.jpg
Noël,f4ba3ea9-74db-49a9-af29-2ff373fae178,MPX_2133913,Atelier Blini Blinis Frais Au Blé Tendre 135G,2.29,16.96,"['Pain et Viennoiserie', 'Toast, Canapé et Blini', 'Blini']",Atelier Blini,True,False,false,1.0,WEEK,135g,['Produit végétarien'],https://courses.monoprix.fr/images-v3/0c44253f-c4a3-4340-9d37-d41e42b9d14a/51f3829d-9e70-4fca-8d01-e2d1858329c0/300x300.jpg
Noël,d5333cd6-a1b9-4636-8f1d-ba80a2267531,MPX_6602370,Monoprix Gourmet pain blé complet & avoine 500g,2.99,5.98,"['Noël', 'Menu des fêtes', 'Les Brioches et Pains festifs', 'Autres pains']",Monoprix Gourmet,True,False,false,4.0,WEEK,500g,[],https://courses.monoprix.fr/images-v3/0c44253f-c4a3-4340-9d37-d41e42b9d14a/a60c5093-a627-48ed-8370-9115c3ac2173/300x300.jpg
Noël,2378a6f7-e434-448c-946a-2841fb7fa8e3,MPX_1543929,Monoprix Gourmet Cœur de Filet de Saumon Fumé150g,13.5,90.0,"['Produits de la Mer', 'Traiteur de la Mer', 'Saumons et truites fumées']",Monoprix Gourmet,True,False,false,1.0,WEEK,150g,[],https://courses.monoprix.fr/images-v3/0c44253f-c4a3-4340-9d37-d41e42b9d14a/c3d161a7-b6f2-4671-b1e3-1fdf4051e027/300x300.jpg
Noël,43d3d87c-6523-4e0b-96a0-677d33722bec,MPX_2258934,Monoprix Gourmet Cake Anglais Tranché 400G,4.09,10.23,"['Noël', 'Menu des fêtes', 'Les Brioches et Pains festifs', 'Autres pains']",Monoprix Gourmet,True,False,false,1.0,MONTH,400g,[],https://courses.monoprix.fr/images-v3/0c44253f-c4a3-4340-9d37-d41e42b9d14a/82553435-9d36-476a-a3b9-fba672e718b0/300x300.jpg
Noël,fb309d1b-4759-46ed-9c64-2b527460716f,MPX_3563047,Monoprix Saumon Fumé élevé en Norvège 140g,6.65,47.5,"['Produits de la Mer', 'Traiteur de la Mer', 'Saumons et truites fumées']",Monoprix,True,False,false,1.0,WEEK,140g,[],https://courses.monoprix.fr/images-v3/0c44253f-c4a3-4340-9d37-d41e42b9d14a/b276623d-2523-4083-bd32-b8bfa7a1e97f/300x300.jpg
Noël,8248cc70-1c19-4960-bb83-aa0bc9da438a,MPX_4218686,Monoprix Gourmet Confit de Cuisse Canard du Sud-Ouest 1x200g,5.39,26.95,"['Boucherie et Volaille', 'Volaille', 'Canard et caille']",Monoprix Gourmet,True,False,false,2.0,MONTH,200g,[],https://courses.monoprix.fr/images-v3/0c44253f-c4a3-4340-9d37-d41e42b9d14a/c853dc0f-e0b0-460d-9aba-8687709912b5/300x300.jpg
Noël,18e5dab1-f7e7-4589-ad6c-bf5a06100c17,MPX_1176694,Mon Chéri x16 Bonbons Chocolat Noir Fourrés Cerise Et Liqueur 168g,5.39,32.08,"['Noël', 'Chocolats de Noël', 'Assortiments de chocolats', 'Mon Chéri']",Mon chéri,True,False,false,1.0,MONTH,168g,[],https://courses.monoprix.fr/images-v3/0c44253f-c4a3-4340-9d37-d41e42b9d14a/b1e6498e-e00d-455e-9f6d-b5002710b9b0/300x300.jpg
Noël,de16d41e-807d-4127-b61a-15245551cf96,MPX_1688212,Pierre Delpeyrat Magret De Canard Frais Origine France,9.07,25.9,"['Boucherie et Volaille', 'Volaille', 'Canard et caille']",Delpeyrat,True,False,false,5.0,DAY,350,[],https://courses.monoprix.fr/images-v3/0c44253f-c4a3-4340-9d37-d41e42b9d14a/fbb7ce67-7e6b-4cdb-8aca-35aae24c4ef7/300x300.jpg
Noël,44b80292-d4bd-46c2-b374-4795e60ae151,MPX_3169608,Juraflore Comté Fort Des Rousses Aop 18Mois 200G,5.5,27.5,"['Noël', 'Menu des fêtes', 'Les Fromages']",JURAFLORE FORT DES ROUSSES,True,False,false,1.0,WEEK,200,[],https://courses.monoprix.fr/images-v3/0c44253f-c4a3-4340-9d37-d41e42b9d14a/0c46b1b3-8229-461c-a07a-d184172f0009/300x300.jpg
Noël,fdfeaa19-a5fc-43a5-ae9f-5ac8ee6b7202,MPX_1715785,Monoprix Gourmet camembert Normandie 250g,4.59,18.36,"['Nos sélections', 'Inspiration du moment', 'Sélection Charcuterie et Fromage']",Monoprix Gourmet,True,False,false,1.0,WEEK,250g,[],https://courses.monoprix.fr/images-v3/0c44253f-c4a3-4340-9d37-d41e42b9d14a/c5547143-0d44-4175-bac6-fed1a646f4ed/300x300.jpg
Noël,eb2893ea-434d-4199-902f-00ed211e816d,MPX_2048423,Monoprix bio émincés de saumon fumé 100g,7.65,76.5,"['Produits de la Mer', 'Traiteur de la Mer', 'Saumons et truites fumées']",Monoprix Bio,True,False,false,6.0,DAY,100g,['Produit bio'],https://courses.monoprix.fr/images-v3/0c44253f-c4a3-4340-9d37-d41e42b9d14a/8ce35834-8f1a-482a-a52d-6be9aacfb516/300x300.jpg
Noël,fdcd20d9-6782-4de7-9855-5d4a9bbda9db,MPX_2637134,Ovive Truite Fumée De France Ovive 100G,4.99,49.9,"['Produits de la Mer', 'Traiteur de la Mer', 'Saumons et truites fumées']",Ovive,True,False,false,1.0,WEEK,100g,[],https://courses.monoprix.fr/images-v3/0c44253f-c4a3-4340-9d37-d41e42b9d14a/41e756e5-9a01-4479-adbb-c0b2038bf4bb/300x300.jpg
Noël,74ce822c-ce5d-4189-8c19-0555dbda8e89,MPX_3069767,Célébrations Assortiment De Chocolats Au Lait Fourrés De Biscuit 196g,3.99,20.36,"['Noël', 'Chocolats de Noël', 'Assortiments de chocolats', 'Célébrations']",CELEBRATIONS,True,False,false,4.0,WEEK,196g,['Produit bio'],https://courses.monoprix.fr/images-v3/0c44253f-c4a3-4340-9d37-d41e42b9d14a/481e0918-f4c1-4ca9-83cc-6a2d88fcba94/300x300.jpg
Noël,49ecae80-3a56-40e9-8586-786f57fcb3ee,MPX_181225,Soulard Aiguillettes De Canard 300G,5.58,27.9,"['Boucherie et Volaille', 'Volaille', 'Canard et caille']",DOMAINE D'ERNEST,True,False,false,1.0,WEEK,200,[],https://courses.monoprix.fr/images-v3/0c44253f-c4a3-4340-9d37-d41e42b9d14a/fd58d9d6-b6c1-46e9-9300-328363798835/300x300.jpg
Noël,352c7e0a-8d0f-44eb-9e37-d6e3bb06a9f9,MPX_1236704,Monoprix Gourmet Sainte Maure de Touraine 250g,6.49,25.96,"['Nos régions de France', 'Centre Val de Loire', 'Fromages et faisselles']",Monoprix Gourmet,True,False,false,1.0,WEEK,250g,[],https://courses.monoprix.fr/images-v3/0c44253f-c4a3-4340-9d37-d41e42b9d14a/7c225639-98d0-44d4-844d-8627662896fe/300x300.jpg
Noël,a2309a9a-b129-44d3-a16c-2c951ee23fcf,MPX_4206323,Monoprix Gourmet Truite Fumée France 60g,3.49,58.17,"['Noël', 'Les Pépites de Monoprix pour Noël', 'Les essentiels Monoprix Gourmet']",Monoprix Gourmet,True,False,false,1.0,WEEK,60g,[],https://courses.monoprix.fr/images-v3/0c44253f-c4a3-4340-9d37-d41e42b9d14a/8cd825b1-47ca-4e22-8ac8-07883ed6d81a/300x300.jpg
Noël,bb86f201-3ca7-471e-84da-a97a45a5d88a,MPX_4210983,Monoprix Gourmet magret de canard du sud-ouest 380g,8.58,23.5,"['Noël', 'Menu des fêtes', 'Les Plats et Accompagnements', 'Les Viandes et Volailles']",Monoprix Gourmet,True,False,false,4.0,DAY,365,[],https://courses.monoprix.fr/images-v3/0c44253f-c4a3-4340-9d37-d41e42b9d14a/0707ed49-2bc7-4297-baf1-ab4e0d5222f4/300x300.jpg
Noël,452f030c-719b-40a5-a108-37e2d0e6066e,MPX_4205029,Monoprix Gourmet Tarama aux Oeufs de Truite 135g,4.09,30.3,"['Produits de la Mer', 'Traiteur de la Mer', 'Tartinable, Blini et Œufs']",Monoprix Gourmet,True,False,false,1.0,WEEK,135g,[],https://courses.monoprix.fr/images-v3/0c44253f-c4a3-4340-9d37-d41e42b9d14a/11c94381-4b8a-4bc5-8bca-f622ec7c07cd/300x300.jpg
Noël,76931f5d-8618-4abd-8a13-5b0f021b8bd4,MPX_3858954,La Fournée Dorée Brioches Mini Burger 200g,2.75,13.75,"['Noël', 'Menu des fêtes', 'Les Brioches et Pains festifs', 'Toast, Canapé et Blini']",La fournee doree,True,False,false,1.0,WEEK,200g,[],https://courses.monoprix.fr/images-v3/0c44253f-c4a3-4340-9d37-d41e42b9d14a/457b3bfb-2ca8-4023-9dce-2779b66297c9/300x300.jpg
Noël,1c30d112-fcb6-4858-ba79-9827106d6b5b,MPX_2910820,Monoprix Gourmet Raclette de Savoie tranchées au lait cru de vache 300g,6.75,22.5,"['Nos régions de France', 'Auvergne Rhône Alpes', 'Fromages régionaux et crèmerie']",Monoprix Gourmet,True,False,false,2.0,WEEK,300g,[],https://courses.monoprix.fr/images-v3/0c44253f-c4a3-4340-9d37-d41e42b9d14a/e2aa02bc-1492-4a4b-b00a-9d9e684543b4/300x300.jpg
Noël,1ba1ada7-a861-4f8f-8d84-0beb39ba7c76,MPX_1820856,"Willm Crémant D'Alsace Aop, Brut 75Cl",8.9,11.87,"['Nos régions de France', 'Grand Est', 'Alsace']",Willm,True,False,false,,,750ml,[],https://courses.monoprix.fr/images-v3/0c44253f-c4a3-4340-9d37-d41e42b9d14a/5a9d74e7-7098-4b69-bb2a-cf47fa1957ec/300x300.jpg
Noël,72b1ddea-1e95-4111-a9bf-001872a3755b,MPX_3612211,Monoprix Gourmet Chips aromatisées à la truffe d'été 100g,4.39,43.9,"['Epicerie Salée', 'Produit apéritif', 'Chips et Biscuit Apéritif', 'Chips']",Monoprix Gourmet,True,False,false,2.0,MONTH,100g,[],https://courses.monoprix.fr/images-v3/0c44253f-c4a3-4340-9d37-d41e42b9d14a/d74b7aa7-5686-4b06-b1b1-ccff918906d9/300x300.jpg
Noël,5ea65c2a-b8bd-4354-b0d4-82ba3215ff9d,MPX_2665295,Monoprix gourmet saumon fumé sauvage 120g,7.99,66.58,"['Nos sélections', 'Inspiration du moment', '& Notre sélection brunch', 'Saumons']",Monoprix Gourmet,True,False,false,1.0,WEEK,120g,[],https://courses.monoprix.fr/images-v3/0c44253f-c4a3-4340-9d37-d41e42b9d14a/2cf4ed5a-ec0e-4005-982b-ca60e4e4ddb5/300x300.jpg
Noël,a122d9e8-5b48-42b2-8070-9b40c7f37842,MPX_4206322,Monoprix Gourmet Truite Fumée France 120G,5.99,49.92,"['Nos sélections', 'Inspiration du moment', 'Nos coups de coeur Origine France']",Monoprix Gourmet,True,False,false,1.0,WEEK,120g,[],https://courses.monoprix.fr/images-v3/0c44253f-c4a3-4340-9d37-d41e42b9d14a/3a69b6d2-f703-4d03-8b45-e54365b062d2/300x300.jpg
Noël,4a443c5c-4cc8-474f-a170-d9dcd7b2feef,MPX_3046837,Laurent-Perrier La Cuvée  Champagne Brut 75cl,35.9,47.87,"['Noël', 'Menu des fêtes', 'Les Champagnes']",Laurent perrier,True,False,false,,,75cl,[],https://courses.monoprix.fr/images-v3/0c44253f-c4a3-4340-9d37-d41e42b9d14a/c75eb534-ce00-438b-8a34-e3af909983f2/300x300.jpg
Noël,230c316e-adb8-45cb-8c84-9d8887f9c8a8,MPX_762,Mumm Cordon Rouge Champagne Brut 75cl,31.9,42.53,"['Noël', 'Menu des fêtes', 'Les Champagnes']",Mumm,True,False,false,,,75cl,[],https://courses.monoprix.fr/images-v3/0c44253f-c4a3-4340-9d37-d41e42b9d14a/8b688393-c3fb-4247-8a68-9b6726f75dea/300x300.jpg
Noël,17e1d9d2-1446-49e0-97ea-e2de473aa899,MPX_1800862,"Gobillard & Fils champagne AOP, blanc de blancs 75cl",26.9,35.87,"['Noël', 'Menu des fêtes', 'Les Champagnes']",Gobillard & Fils,True,False,false,,,750ml,[],https://courses.monoprix.fr/images-v3/0c44253f-c4a3-4340-9d37-d41e42b9d14a/6db301b2-7fab-4997-95ac-7d5b3344c032/300x300.jpg
Noël,be6d6cfb-5df0-4079-8914-8fc775a9b9f9,MPX_2824309,Le Domaine D'Ernest Magret De Canard C1,10.84,28.9,"['Boucherie et Volaille', 'Volaille', 'Canard et caille']",Le Domaine d'Ernest,True,False,false,1.0,WEEK,375,[],https://courses.monoprix.fr/images-v3/0c44253f-c4a3-4340-9d37-d41e42b9d14a/526220f7-f71f-49dd-8780-e1e743246bdc/300x300.jpg
Noël,70dc0da9-9572-4041-bd79-59b61eafde7c,MPX_1245256,Monoprix Gourmet Roquefort affiné AOP 150g,3.99,26.6,"['Nos sélections', 'Inspiration du moment', '& Le Coin du marché', 'Fromage']",Monoprix Gourmet,True,False,false,4.0,WEEK,150g,[],https://courses.monoprix.fr/images-v3/0c44253f-c4a3-4340-9d37-d41e42b9d14a/1a29b136-7857-4aad-93fb-b20fd018eefb/300x300.jpg
Noël,605dec07-e492-4b69-9727-2c796a5c76e5,MPX_4210981,Monoprix gourmet Magret de canard tranché fumé 90g,4.79,53.22,"['Boucherie et Volaille', 'Volaille', 'Canard et caille']",Monoprix Gourmet,True,False,false,2.0,WEEK,90g,[],https://courses.monoprix.fr/images-v3/0c44253f-c4a3-4340-9d37-d41e42b9d14a/b0c62e41-08ce-443b-9889-f02bb12ec830/300x300.jpg
Noël,dec417aa-f3fd-4db3-8a32-ace0d2e6e5a8,MPX_2949847,Frassinelli Prosecco Treviso Italie Doc 75 cl,9.5,12.67,"['Produits du monde', 'Italie - Italia', 'Boissons']",Monoprix Gourmet,True,False,false,,,75cl,[],https://courses.monoprix.fr/images-v3/0c44253f-c4a3-4340-9d37-d41e42b9d14a/60e7eb84-5f84-44c8-a8c7-e1c1131adc60/300x300.jpg
Noël,d15ad012-c6b2-47fa-a871-5dbb50bfb029,MPX_970402,Freixenet Cordon Negro vin pétillante brut 75cl,6.8,9.07,"['Noël', 'Les Cadeaux à -20€']",Freixenet,True,False,false,,,75cl,['Produit bio'],https://courses.monoprix.fr/images-v3/0c44253f-c4a3-4340-9d37-d41e42b9d14a/c1f59d5c-77b9-4edf-b3c0-2eed73cd44dc/300x300.jpg
Noël,f442c8f4-d1f6-4c8a-87f5-2dd1ccb1115f,MPX_2187067,"Bailly Lapierre Crémant De Bourgogne Aop, Brut Bio 75Cl",10.9,14.53,"['Bio', 'Boisson et Cave bio', 'Cave bio']",Bailly Lapierre,True,False,false,,,750ml,['Produit bio'],https://courses.monoprix.fr/images-v3/0c44253f-c4a3-4340-9d37-d41e42b9d14a/11b71b1e-740d-445d-868f-e53e454cf435/300x300.jpg
Noël,7607b836-74cb-4cbf-ad03-d3a481a59e09,MPX_2410438,Monoprix Blinis cocktail 135 g,1.85,13.7,"['Pain et Viennoiserie', 'Toast, Canapé et Blini', 'Blini']",Monoprix,True,False,false,1.0,WEEK,135g,[],https://courses.monoprix.fr/images-v3/0c44253f-c4a3-4340-9d37-d41e42b9d14a/0e681571-059e-449e-96e1-491530c7c56a/300x300.jpg
Noël,4db950ed-1876-47dc-a4f3-76d60c22e695,MPX_4212954,Monoprix Gourmet Cake Citron 300g,5.99,19.97,"['Noël', 'Menu des fêtes', 'Les Brioches et Pains festifs', 'Autres pains']",Monoprix Gourmet,True,False,false,4.0,WEEK,300g,[],https://courses.monoprix.fr/images-v3/0c44253f-c4a3-4340-9d37-d41e42b9d14a/40a0c502-c418-4fb3-ac28-f8ea66b6edc8/300x300.jpg
Noël,83734377-8abc-4c8c-bdb9-8d38868794dd,MPX_2005593,Monoprix Gourmet Châtaignes entières pelées au feu 420g,11.9,28.33,"['Noël', 'Menu des fêtes', 'Les Plats et Accompagnements', 'Les Accompagnements']",Monoprix Gourmet,True,False,false,1.0,YEAR,420g,[],https://courses.monoprix.fr/images-v3/0c44253f-c4a3-4340-9d37-d41e42b9d14a/bb838ccc-b54c-4891-a7fc-a35766faf899/300x300.jpg
Noël,cfe4921b-1fc9-4a66-9739-44e17bdab512,MPX_2470304,Monoprix oeufs lompes noir 100g,3.59,35.9,"['Epicerie Salée', 'Produit apéritif', 'Tartinable et Produit de la Mer', 'Caviar et Œufs']",Monoprix,True,False,false,6.0,MONTH,100g,[],https://courses.monoprix.fr/images-v3/0c44253f-c4a3-4340-9d37-d41e42b9d14a/b4f8c921-d9c1-4878-85dd-8ca3258eede0/300x300.jpg
Noël,75f7ceb0-fa9c-489c-8fda-8f6b223a51ed,MPX_1962635,Quality Street Ballotin 265g,5.25,19.81,"['Noël', 'Chocolats de Noël', 'Assortiments de chocolats', 'Quality Street']",QUALITY STREET,True,False,false,2.0,MONTH,265g,[],https://courses.monoprix.fr/images-v3/0c44253f-c4a3-4340-9d37-d41e42b9d14a/1de9783f-acee-4e63-95f9-6f3eb29ac419/300x300.jpg
Noël,d691eb9a-354f-4ac7-bc04-45944fbcc7dd,MPX_2219656,Ferrero Rocher Chocolat Au Lait Noisettes 350g,11.89,33.97,"['Noël', 'Chocolats de Noël', 'Assortiments de chocolats', 'Ferrero']",Ferrero  rocher,True,False,false,1.0,MONTH,350g,[],https://courses.monoprix.fr/images-v3/0c44253f-c4a3-4340-9d37-d41e42b9d14a/2a2085f2-dd45-40e1-a89a-88a7aceb9ed6/300x300.jpg
Noël,77a430de-79f4-4252-b8c7-c1241ba2a920,MPX_1338142,Monoprix Gourmet 2 Coquilles Saint-Jacques À La Bretonne 240G,8.85,36.88,"['Noël', 'Les Pépites de Monoprix pour Noël', 'Les essentiels Monoprix Gourmet']",Monoprix Gourmet,True,False,false,6.0,MONTH,240g,['Produit congelé'],https://courses.monoprix.fr/images-v3/0c44253f-c4a3-4340-9d37-d41e42b9d14a/9c6d38f8-f356-410d-b30c-e22384a479e1/300x300.jpg
Noël,18a4bd53-4323-40d7-ac5d-49dc12298586,MPX_4122887,Révillon Féeriques Lait 360g,10.99,30.53,"['Noël', 'Chocolats de Noël', 'Papillotes']",Revillon chocolatier,True,False,false,2.0,MONTH,360g,[],https://courses.monoprix.fr/images-v3/0c44253f-c4a3-4340-9d37-d41e42b9d14a/57aed0cd-50a1-41dd-b74f-57879ee80f47/300x300.jpg
Noël,a1feb5dd-a2b9-433f-94a6-e7781962fe7f,MPX_3810312,Champagne Paul Louis Martinextra Brut Grand Cru 75 Cl,32.5,43.33,"['Noël', 'Menu des fêtes', 'Les Champagnes']",Champagne Paul Louis Martin,True,False,false,,,750ml,[],https://courses.monoprix.fr/images-v3/0c44253f-c4a3-4340-9d37-d41e42b9d14a/451ece14-4a72-42e8-9e6b-d8eacde2de8b/300x300.jpg
Noël,33772c87-c92b-42f7-b56d-e2ee78546d79,MPX_2438809,Monoprix Pains D'Épices 500G,2.79,5.58,"['Pain et Viennoiserie', 'Toast, Canapé et Blini', ""Pain d'épice""]",Monoprix,True,False,false,2.0,MONTH,500g,[],https://courses.monoprix.fr/images-v3/0c44253f-c4a3-4340-9d37-d41e42b9d14a/f4ad0bdd-8cd8-44f8-90a4-c434734e2524/300x300.jpg
Noël,19ed7657-382e-4b19-8e61-0e55780e245c,MPX_1624659,Willm Gewurztraminer AOP Alsace Blanc 75cl,9.9,13.2,"['Nos régions de France', 'Grand Est', 'Alsace']",Willm,True,False,false,,,750ml,[],https://courses.monoprix.fr/images-v3/0c44253f-c4a3-4340-9d37-d41e42b9d14a/ae2c1933-8baf-4db1-935b-51761f2af549/300x300.jpg
Noël,bf81768f-098b-4bba-9e80-f3b7fd589c6d,MPX_4203842,Monoprix Gourmet Cake à la Banane & Pépites de chocolat 250g,4.09,16.36,"['Noël', 'Menu des fêtes', 'Les Brioches et Pains festifs', 'Autres pains']",Monoprix Gourmet,True,False,false,4.0,WEEK,250g,[],https://courses.monoprix.fr/images-v3/0c44253f-c4a3-4340-9d37-d41e42b9d14a/ab5e08a2-e0ce-4851-aa39-aedb436dbd0d/300x300.jpg
Noël,549f9191-2fa9-479c-a11c-d7b19ad7885d,MPX_1558290,Monoprix Gourmet Emmental de Savoie 300g,5.0,20.0,"['Nos régions de France', 'Auvergne Rhône Alpes', 'Fromages régionaux et crèmerie']",Monoprix Gourmet,True,False,false,1.0,WEEK,250,[],https://courses.monoprix.fr/images-v3/0c44253f-c4a3-4340-9d37-d41e42b9d14a/913fee58-f457-4454-9c12-0f20de0362bd/300x300.jpg
Noël,c258afc6-74bc-4785-9786-e17219865e6e,MPX_3430309,Lincet Brillat-Savarin Fromage Affiné Igp 200G,4.9,24.5,"['Nos régions de France', 'Bourgogne Franche Comté', 'Bourgogne']",Lincet,True,False,false,1.0,WEEK,200g,[],https://courses.monoprix.fr/images-v3/0c44253f-c4a3-4340-9d37-d41e42b9d14a/62f2dfb2-eee5-489c-9669-29c4cbcbf270/300x300.jpg
Noël,740447cc-7249-4638-b066-a247c24d92bb,MPX_2986498,Mont D'Or Aop Ecureuil Mini 450G,9.5,19.0,"['Noël', 'Promos de Noël', ""Promos repas festif,\xa0jusqu'à 50% sur le 2ème sur une sélection festive""]",JURAFLORE FORT DES ROUSSES,True,False,false,2.0,WEEK,500g,[],https://courses.monoprix.fr/images-v3/0c44253f-c4a3-4340-9d37-d41e42b9d14a/7dd60367-2259-4a93-9ca1-203828a6a982/300x300.jpg
Pain et Viennoiserie,f7ba97c1-7abf-4dc9-b07c-fdee8426c73a,MPX_3500098,Regent's Park bagels sésame 250g,4.65,18.6,"['Produits du monde', 'Royaume-Uni - UK', 'Biscuits, Confitures et Pâtes à tartiner']",REGENT'S PARK,True,False,false,1.0,WEEK,250g,['Produit végétarien'],https://courses.monoprix.fr/images-v3/0c44253f-c4a3-4340-9d37-d41e42b9d14a/8c6e7ed2-0c6c-40b8-8160-80ff79aa1aaf/300x300.jpg
Pain et Viennoiserie,12e8143b-c1ae-49ed-af32-d02d2e824ed1,MPX_2664949,Brioche Pasquier - Pains au chocolat - x8 360g,2.49,6.92,"['Pain et Viennoiserie', 'Viennoiserie', 'Pain au chocolat']",Brioche Pasquier,True,False,false,1.0,WEEK,360g,[],https://courses.monoprix.fr/images-v3/0c44253f-c4a3-4340-9d37-d41e42b9d14a/b95ec5d7-09e0-41d4-a818-d65bb25f6e5f/300x300.jpg
Pain et Viennoiserie,84dc7d77-6563-411b-a20c-6a653823dacf,MPX_2428276,Poco Loco 6 Wraps Original 370g,2.35,6.35,"['Produits du monde', 'Mexique - México', 'Tortilla et Wrap']",Poco Loco,True,False,false,1.0,MONTH,370g,"['Produit végétarien', 'Produit vegan']",https://courses.monoprix.fr/images-v3/0c44253f-c4a3-4340-9d37-d41e42b9d14a/dc655988-693a-4f9b-8201-a77ffe585f62/300x300.jpg
Pain et Viennoiserie,ae504656-0405-4bec-96da-b1681bdd7d7a,MPX_3612206,"Atelier Blini, Blinis Bio X8 160G",3.19,19.94,"['Pain et Viennoiserie', 'Toast, Canapé et Blini', 'Blini']",Atelier blini,True,False,false,1.0,WEEK,160g,['Produit bio'],https://courses.monoprix.fr/images-v3/0c44253f-c4a3-4340-9d37-d41e42b9d14a/51d25696-96f5-48eb-b9c3-788dfa1f9c1a/300x300.jpg
Pain et Viennoiserie,724697e8-10c8-401a-a941-14a2ebd0576e,MPX_342318,Roger Biscotte Aixoise 280G,3.49,12.46,"['Promotions', 'Les promos à ne pas manquer', 'Promo 30% de remise immédiate']",ROGER,True,False,false,2.0,MONTH,280g,['Produit végétarien'],https://courses.monoprix.fr/images-v3/0c44253f-c4a3-4340-9d37-d41e42b9d14a/0a8d2772-f4c5-4e5e-aed9-e85ae2be2763/300x300.jpg
Pain et Viennoiserie,1f706668-d71d-418a-8020-b6f88ca253b5,MPX_3179652,L'Atelier Blini 16 Blinis Cocktail Bio 135G,3.29,24.37,"['Pain et Viennoiserie', 'Toast, Canapé et Blini', 'Blini']",Atelier de blini,True,False,false,1.0,WEEK,135g,['Produit bio'],https://courses.monoprix.fr/images-v3/0c44253f-c4a3-4340-9d37-d41e42b9d14a/56137beb-c6e9-4f9d-93ad-ef2b2be4efe1/300x300.jpg
Pain et Viennoiserie,932e5958-6af2-4ae7-9943-7800f5cdd425,MPX_2999385,Poco Loco 4 Wraps au Blé Complet 245g,2.49,10.16,"['Produits du monde', 'Mexique - México', 'Tortilla et Wrap']",Poco Loco,True,False,false,1.0,MONTH,245g,[],https://courses.monoprix.fr/images-v3/0c44253f-c4a3-4340-9d37-d41e42b9d14a/b806f44e-9db0-4a3e-99cc-9fcb338b5161/300x300.jpg
Pain et Viennoiserie,23cbc899-a5b4-42d7-be55-8fb68dcd6441,MPX_2366350,Monoprix Gourmet Panettone Raisins Secs Écorcés D'Orange 500G,7.99,15.98,"['Pain et Viennoiserie', 'Pain au lait et Brioche', 'Panettone et Stollen']",Monoprix Gourmet,True,False,false,1.0,MONTH,500g,[],https://courses.monoprix.fr/images-v3/0c44253f-c4a3-4340-9d37-d41e42b9d14a/f7d97740-e626-4abd-8fc2-20b3c0172500/300x300.jpg
Pain et Viennoiserie,6b551b8a-f5cd-4f30-8739-c635102bbbff,MPX_165187,Roger Mini-Toasts Aixois Grillés 150G,3.59,23.93,"['Promotions', 'Les promos à ne pas manquer', 'Promo 30% de remise immédiate']",ROGER,True,False,false,2.0,MONTH,150g,['Produit végétarien'],https://courses.monoprix.fr/images-v3/0c44253f-c4a3-4340-9d37-d41e42b9d14a/bfcf0ae8-a92a-4969-be28-9966848a0715/300x300.jpg
Pain et Viennoiserie,ea2566de-49aa-4894-a15e-072c9686f220,MPX_6612493,Ciro la pinsa 230g,4.39,19.09,"['Promotions', 'Les promos à ne pas manquer', 'Promo 30% de remise immédiate']",Ciro,True,False,false,2.0,WEEK,230g,[],https://courses.monoprix.fr/images-v3/0c44253f-c4a3-4340-9d37-d41e42b9d14a/a79d2a4f-216e-4495-bb81-53242be517c9/300x300.jpg
Pain et Viennoiserie,268611a6-afef-4369-8226-5396355cf441,MPX_3858949,Galup Panettone Recette Originale 750g,15.99,21.32,"['Pain et Viennoiserie', 'Pain au lait et Brioche', 'Panettone et Stollen']",Galup,True,False,false,1.0,MONTH,750g,['Produit végétarien'],https://courses.monoprix.fr/images-v3/0c44253f-c4a3-4340-9d37-d41e42b9d14a/4eca2244-0ae6-4a79-84e5-4094d77dfb29/300x300.jpg
Pain et Viennoiserie,4e6177e6-53a1-43e6-9155-ac7246df705b,MPX_2366177,Monoprix Gourmet Panettone fruits secs confits 100g,2.99,29.9,"['Pain et Viennoiserie', 'Pain au lait et Brioche', 'Panettone et Stollen']",Monoprix Gourmet,True,False,false,4.0,WEEK,100g,[],https://courses.monoprix.fr/images-v3/0c44253f-c4a3-4340-9d37-d41e42b9d14a/d4c64ac8-0fc5-4c43-96d3-fff1750be5d6/300x300.jpg
Pain et Viennoiserie,2868fa58-c1b0-4d72-96b1-9b377c1c518f,MPX_3753110,Les Biscottes Roger Croûton Provençal 250g,3.19,12.76,"['Promotions', 'Les promos à ne pas manquer', 'Promo 30% de remise immédiate']",ROGER,True,False,false,2.0,MONTH,250g,['Produit végétarien'],https://courses.monoprix.fr/images-v3/0c44253f-c4a3-4340-9d37-d41e42b9d14a/6d600763-917a-446a-80ec-109b8595e392/300x300.jpg
Pain et Viennoiserie,119e22f1-2767-4df6-a220-737c4a8512a1,MPX_2366179,Monoprix Gourmet panettone raisins secs et écorces d'orange confites 1kg,11.99,11.99,"['Pain et Viennoiserie', 'Pain au lait et Brioche', 'Panettone et Stollen']",Monoprix Gourmet,True,False,false,4.0,WEEK,1kg,[],https://courses.monoprix.fr/images-v3/0c44253f-c4a3-4340-9d37-d41e42b9d14a/79d25ebd-9c0d-4e46-8b0a-b41f641428cf/300x300.jpg
Pain et Viennoiserie,9b48cb00-5204-4350-938f-4d0bf2d24fe1,MPX_2079348,Les Délices Du Chef Blinis Medium 160G,1.75,10.94,"['Pain et Viennoiserie', 'Toast, Canapé et Blini', 'Blini']",-,True,False,false,2.0,WEEK,160g,[],https://courses.monoprix.fr/images-v3/0c44253f-c4a3-4340-9d37-d41e42b9d14a/b09c539e-ea8b-47bb-8194-7e28736075eb/300x300.jpg
Pain et Viennoiserie,111e78ab-1618-4cc1-9fa4-5320be2ff72a,MPX_3858943,Galup Pandoro Classique 750g,18.99,25.32,"['Pain et Viennoiserie', 'Pain au lait et Brioche', 'Panettone et Stollen']",Galup,True,False,false,1.0,MONTH,750g,[],https://courses.monoprix.fr/images-v3/0c44253f-c4a3-4340-9d37-d41e42b9d14a/2ac0bf9a-603f-42d9-b4c3-658aaee6d399/300x300.jpg
Pain et Viennoiserie,09afde40-ad53-4998-9522-0811ee35a3a6,MPX_6720225,Poco Loco Bakery Wraps Natural 4x25cm,1.99,8.12,"['Produits du monde', 'Mexique - México', 'Tortilla et Wrap']",Poco Loco,True,False,false,2.0,MONTH,245g,[],https://courses.monoprix.fr/images-v3/0c44253f-c4a3-4340-9d37-d41e42b9d14a/38b1b843-6dfc-4b66-8ea0-136366dfe8a2/300x300.jpg
Pain et Viennoiserie,98770313-f692-4e0c-995c-0cac90da9e71,MPX_6655867,Harrys Toast Brioché 250g,2.19,8.76,"['Pain et Viennoiserie', 'Toast, Canapé et Blini', 'Toast et Canapé']",Harrys,True,False,false,1.0,WEEK,250g,[],https://courses.monoprix.fr/images-v3/0c44253f-c4a3-4340-9d37-d41e42b9d14a/c737b239-0770-43a9-bc61-5201f687f56f/300x300.jpg
Pain et Viennoiserie,d9fe76d1-fb3b-4718-8309-99f81041e2db,MPX_5114854,Aline & Olivier Craquants Bio Fourrés Cacao Noisette 100 g,4.79,47.9,"['Promotions', 'Les promos à ne pas manquer', 'Le 2ème à moins 50%']",Aline & Olivier,True,False,false,2.0,MONTH,100g,['Produit bio'],https://courses.monoprix.fr/images-v3/0c44253f-c4a3-4340-9d37-d41e42b9d14a/5cff7ae9-ba40-4695-bc59-465b0c5eee15/300x300.jpg
Pain et Viennoiserie,7750162b-9316-42d8-969b-8044c693b6cc,MPX_6655868,Harrys Toast Nature 250g,2.19,8.76,"['Pain et Viennoiserie', 'Toast, Canapé et Blini', 'Toast et Canapé']",Harrys,True,False,false,2.0,WEEK,250g,[],https://courses.monoprix.fr/images-v3/0c44253f-c4a3-4340-9d37-d41e42b9d14a/51168c64-d406-41dc-88b8-ddd5dcc7e7fb/300x300.jpg
Pain et Viennoiserie,6f6bd8e9-5307-449b-ab18-32b8c611542f,MPX_2216598,Monoprix Gourmet Demi-Baguettes Précuites 2X125G,1.75,7.0,"['Nos sélections', 'Inspiration du moment', '& Notre sélection brunch', 'Pains']",Monoprix Gourmet,True,False,false,4.0,WEEK,250g,[],https://courses.monoprix.fr/images-v3/0c44253f-c4a3-4340-9d37-d41e42b9d14a/f7fa0c37-efef-4750-bbc6-f8dbc92095cd/300x300.jpg
Pain et Viennoiserie,746ec39b-eabd-43cb-be61-cb93fc3bc397,MPX_63873,Brioche Pasquier - Pains au lait - x10 350g,1.89,5.4,"['Pain et Viennoiserie', 'Pain au lait et Brioche', 'Pain au lait']",Brioche Pasquier,True,False,false,1.0,WEEK,350g,[],https://courses.monoprix.fr/images-v3/0c44253f-c4a3-4340-9d37-d41e42b9d14a/8d2cd4ce-5f16-4bb8-9499-f2c00a0331c8/300x300.jpg
Pain et Viennoiserie,4d658692-3440-461d-9f75-bdcecbbf7621,MPX_3292151,Harrys pain de mie 100% mie nature sans croute sans additifs 500g,2.19,4.38,"['Pain et Viennoiserie', 'Pain de mie', 'Pain de mie sans croûte']",Harrys,True,False,false,5.0,DAY,500g,[],https://courses.monoprix.fr/images-v3/0c44253f-c4a3-4340-9d37-d41e42b9d14a/e1a8db8e-a45f-4dd7-be74-86406a1ddbdd/300x300.jpg
Pain et Viennoiserie,dd0cdd27-2ea4-4266-9839-c5cfc8cc6923,MPX_2865056,Monoprix Gourmet Pain multicéréales 500g,2.99,5.98,"['Nos sélections', 'Inspiration du moment', '& Notre sélection brunch', 'Pains']",Monoprix Gourmet,True,False,false,4.0,WEEK,500g,[],https://courses.monoprix.fr/images-v3/0c44253f-c4a3-4340-9d37-d41e42b9d14a/3a417e56-802f-40eb-b78a-f483666ee117/300x300.jpg
Pain et Viennoiserie,47ad37dd-1fb5-4399-902c-69ba9e2818be,MPX_6719591,Harrys American sandwich complet sans sucres ajoutés 600g,2.09,3.48,"['Pain et Viennoiserie', 'Pain de mie', 'Pain de mie complet']",Harrys,True,False,false,5.0,DAY,600g,[],https://courses.monoprix.fr/images-v3/0c44253f-c4a3-4340-9d37-d41e42b9d14a/6f961ce1-919c-4af8-8871-01efd36e30b2/300x300.jpg
Pain et Viennoiserie,e0510798-add3-41cc-8474-8905d45b4318,MPX_1906756,La Boulangère Pains au lait Bio x8 280g,2.49,8.89,"['Bio', 'Pain et Galette de riz bio', 'Pain et Biscotte bio']",La Boulangère,True,False,false,1.0,WEEK,280g,['Produit bio'],https://courses.monoprix.fr/images-v3/0c44253f-c4a3-4340-9d37-d41e42b9d14a/fc098056-baae-4932-8ca8-656c7fd05361/300x300.jpg
Pain et Viennoiserie,aa28fee6-4f95-4ec9-b7a3-4750d6f161cc,MPX_6719589,Harrys American sandwich nature sans sucres ajoutés 550g,1.99,3.62,"['Pain et Viennoiserie', 'Pain de mie', 'Pain de mie nature']",Harrys,True,False,false,5.0,DAY,550g,[],https://courses.monoprix.fr/images-v3/0c44253f-c4a3-4340-9d37-d41e42b9d14a/33845c43-3ffb-4cd1-80a0-69d0bd3d0c33/300x300.jpg
Pain et Viennoiserie,a5c09f57-30d1-4488-bdce-13c1da3ff2c2,MPX_2998980,La Boulangère Brioche tranchée bio 400g,2.99,7.48,"['Bio', 'Pain et Galette de riz bio', 'Pain et Biscotte bio']",La Boulangère,True,False,false,1.0,WEEK,400g,['Produit bio'],https://courses.monoprix.fr/images-v3/0c44253f-c4a3-4340-9d37-d41e42b9d14a/9d518d8c-3703-4e9e-82d9-8d00b367a130/300x300.jpg
Pain et Viennoiserie,ffbce859-7000-4d2e-a8b5-29b17357cd3b,MPX_1467545,La Boulangère Pain de mie complet Bio 500g,2.69,5.38,"['Bio', 'Pain et Galette de riz bio', 'Pain et Biscotte bio']",La Boulangère,True,False,false,5.0,DAY,500g,['Produit bio'],https://courses.monoprix.fr/images-v3/0c44253f-c4a3-4340-9d37-d41e42b9d14a/423007f6-b752-4888-9fc8-556b3caeae90/300x300.jpg
Pain et Viennoiserie,7b7765bd-edd5-4980-90a2-8b1beec442ed,MPX_2494787,Monoprix Gourmet Pain au seigle 500g,2.99,5.98,"['Pain et Viennoiserie', 'Toast, Canapé et Blini', ""Pain d'épice""]",Monoprix Gourmet,True,False,false,2.0,WEEK,500g,[],https://courses.monoprix.fr/images-v3/0c44253f-c4a3-4340-9d37-d41e42b9d14a/e56ad49e-2b50-4fab-a7eb-1a3a211d4977/300x300.jpg
Pain et Viennoiserie,6834cab1-416d-4128-93af-37384f861265,MPX_2650793,Harrys pain de mie 100% mie complet sans croute sans additifs 500g,2.49,4.98,"['Pain et Viennoiserie', 'Pain de mie', 'Pain de mie complet']",Harrys,True,False,false,5.0,DAY,500g,[],https://courses.monoprix.fr/images-v3/0c44253f-c4a3-4340-9d37-d41e42b9d14a/aef4db2a-03d8-4ef9-b2d9-bf99b509e0bb/300x300.jpg
Pain et Viennoiserie,dc0eb167-ff5c-4a1d-af22-305ca93a5ffd,MPX_877094,Monoprix 10 Pains au lait aux oeufs frais 350g,1.29,3.69,"['Pain et Viennoiserie', 'Pain au lait et Brioche', 'Pain au lait']",Monoprix,True,False,false,1.0,WEEK,350g,[],https://courses.monoprix.fr/images-v3/0c44253f-c4a3-4340-9d37-d41e42b9d14a/dc7acb70-c8d1-4125-8e90-b435f214ef05/300x300.jpg
Pain et Viennoiserie,e85f4295-e5c3-4281-b243-e820f9441fa9,MPX_799423,Monoprix Muffins Complets Recette Anglaise 250G,2.49,9.96,"['Nos sélections', 'Inspiration du moment', '& Notre sélection brunch', 'Pains']",Monoprix,True,False,false,1.0,WEEK,250g,[],https://courses.monoprix.fr/images-v3/0c44253f-c4a3-4340-9d37-d41e42b9d14a/4cdd9271-f320-492a-a08d-99d4f08ea46e/300x300.jpg
Pain et Viennoiserie,970ccc3a-90b0-49fe-90d4-c9dfe6f261b1,MPX_1490432,Old El Paso Wraps De Blé Nature Extra Moelleux 350g,3.19,9.11,"['Produits du monde', 'Mexique - México', 'Tortilla et Wrap']",Old el paso,True,False,false,2.0,MONTH,350g,['Produit vegan'],https://courses.monoprix.fr/images-v3/0c44253f-c4a3-4340-9d37-d41e42b9d14a/0243023c-d58d-4ae6-8833-e11fa7100e97/300x300.jpg
Pain et Viennoiserie,25df40c9-55e2-4ff7-a4ac-6e5d3cf4fd3a,MPX_1772497,Monoprix 8 Pains Au Chocolat 360G,1.99,5.53,"['Pain et Viennoiserie', 'Pain au lait et Brioche', 'Pain au lait']",Monoprix,True,False,false,1.0,WEEK,360g,[],https://courses.monoprix.fr/images-v3/0c44253f-c4a3-4340-9d37-d41e42b9d14a/3b6d54b1-cf5b-4868-868e-3ea086959e1d/300x300.jpg
Pain et Viennoiserie,ece5589d-0e34-4575-aead-64b8d3f1aa5a,MPX_1625585,Poilane Quart de Miche tranchée 450g,3.25,7.22,"['Nos sélections', 'Inspiration du moment', '& Le Coin du marché', 'Pains et viennoiseries']",POILÂNE,True,False,false,1.0,DAY,450g,[],https://courses.monoprix.fr/images-v3/0c44253f-c4a3-4340-9d37-d41e42b9d14a/33f98a5d-c2df-44d2-a8a8-d816166febc1/300x300.jpg
Pain et Viennoiserie,60e4bbc4-17b8-499c-98f1-a4649728f9e1,MPX_659173,Monoprix Pain de mie nature 550g,1.09,1.98,"['Nos sélections', 'Inspiration du moment', 'Nos coups de coeur Origine France']",Monoprix,True,False,false,1.0,WEEK,550g,[],https://courses.monoprix.fr/images-v3/0c44253f-c4a3-4340-9d37-d41e42b9d14a/e2f8a41e-5637-4034-868e-9fea99e6a3d7/300x300.jpg
Pain et Viennoiserie,00c813c7-b036-4866-ae0f-78f1be123398,MPX_3292344,Harrys pain de mie 100% mie nature sans croute grandes tranches sans additifs 500g,2.35,4.7,"['Pain et Viennoiserie', 'Pain de mie', 'Pain de mie nature']",Harrys,True,False,false,5.0,DAY,500g,[],https://courses.monoprix.fr/images-v3/0c44253f-c4a3-4340-9d37-d41e42b9d14a/747589a9-0e7c-48be-9397-06f4d3d01005/300x300.jpg
Pain et Viennoiserie,17c424ec-7464-4f4f-8869-616f5b82bd54,MPX_3549675,Harrys beau & bon pain de mie farine de ble cereales & graines sans additifs 320g,2.55,7.97,"['Pain et Viennoiserie', 'Pain de mie', 'Pain de mie aux céréales']",Harrys,True,False,false,6.0,DAY,320g,[],https://courses.monoprix.fr/images-v3/0c44253f-c4a3-4340-9d37-d41e42b9d14a/4355f696-94e7-4341-bc1d-810d1e7bacc5/300x300.jpg
Pain et Viennoiserie,a1471d1b-b2e9-4420-9450-bccedebf5b90,MPX_6719590,Harrys American sandwich céréales sans sucres ajoutés 550g,2.29,4.16,"['Pain et Viennoiserie', 'Pain de mie', 'Pain de mie aux céréales']",Harrys,True,False,false,5.0,DAY,550g,[],https://courses.monoprix.fr/images-v3/0c44253f-c4a3-4340-9d37-d41e42b9d14a/59ffd28f-e7a2-4c91-b52f-a0111b1801bd/300x300.jpg
Pain et Viennoiserie,4832312b-94e0-49f5-aec2-a1f8a6884edf,MPX_2353617,Monoprix Toast Rond Nature 280g,1.49,5.32,"['Pain et Viennoiserie', 'Toast, Canapé et Blini', 'Toast et Canapé']",Monoprix,True,False,false,1.0,MONTH,280g,[],https://courses.monoprix.fr/images-v3/0c44253f-c4a3-4340-9d37-d41e42b9d14a/d9b135f9-bdc2-48da-bdf3-384de3c10443/300x300.jpg
Pain et Viennoiserie,d246e30a-20f1-4c24-ae75-bc1c505032c4,MPX_3367117,Monoprix bio mini blini x16 bio 135g,2.99,22.15,"['Pain et Viennoiserie', 'Toast, Canapé et Blini', 'Blini']",Monoprix Bio,True,False,false,1.0,WEEK,135g,['Produit bio'],https://courses.monoprix.fr/images-v3/0c44253f-c4a3-4340-9d37-d41e42b9d14a/4e3e43ea-b922-46f2-95a1-4608a14383bb/300x300.jpg
Pain et Viennoiserie,5daa3e0b-f107-4e8c-85de-09b4a8cdc661,MPX_2495934,Gerblé Pain campagnard à la farine de sarrasin 350g,6.39,18.26,"['Nos sélections', 'Inspiration du moment', '& Sélection petit déjeuner', 'Pain, Viennoiserie et Céréales']",Gerblé,True,False,false,2.0,MONTH,350g,[],https://courses.monoprix.fr/images-v3/0c44253f-c4a3-4340-9d37-d41e42b9d14a/2492275e-74ae-4235-aecb-48e95918e19f/300x300.jpg
Pain et Viennoiserie,0ccb908a-0ff3-4cdf-8286-3d477c722dcc,MPX_1490558,Lu Pelletier Pain grillé Gourmand 300g,2.99,9.97,"['Pain et Viennoiserie', 'Biscotte, Tartine et Galette de riz', 'Pain grillé et Tartine grillée']",Pelletier,True,False,false,1.0,MONTH,300g,[],https://courses.monoprix.fr/images-v3/0c44253f-c4a3-4340-9d37-d41e42b9d14a/7a47428b-2497-4d7e-8cab-2149da50d556/300x300.jpg
Pain et Viennoiserie,0080427e-3ad1-4c0d-9ed2-b2c5bac3d67f,MPX_3182426,Regent'S Park 4 muffin 7 grains 250g,3.69,14.76,"['Produits du monde', 'Royaume-Uni - UK', 'Biscuits, Confitures et Pâtes à tartiner']",REGENT'S PARK,True,False,false,1.0,WEEK,250g,['Produit végétarien'],https://courses.monoprix.fr/images-v3/0c44253f-c4a3-4340-9d37-d41e42b9d14a/902aaf84-4680-44ed-8fdf-294e5861739d/300x300.jpg
Pain et Viennoiserie,6b66a986-9423-4d7b-bf2c-5ae28589dbc1,MPX_342468,Biscuiterie D'Agen 12 Pains Azymes 600G,3.85,6.42,"['Pain et Viennoiserie', 'Biscotte, Tartine et Galette de riz', 'Pain craquant, Cracotte et Cracker']",Biscuiterie d'agen,True,False,false,2.0,MONTH,600g,['Produit casher'],https://courses.monoprix.fr/images-v3/0c44253f-c4a3-4340-9d37-d41e42b9d14a/8a3534c8-8c6c-46cf-87de-72c102a0b94c/300x300.jpg
Pain et Viennoiserie,93df3c73-db4f-4624-a571-b67d6df9f965,MPX_2120195,Monoprix pain de mie nature grand Format 825g,1.99,2.41,"['Nos sélections', 'Inspiration du moment', '& Sélection gros formats', 'Pains et Viennoiserie']",Monoprix,True,False,false,5.0,DAY,825g,[],https://courses.monoprix.fr/images-v3/0c44253f-c4a3-4340-9d37-d41e42b9d14a/e3768d20-4404-4196-8277-58b7763c7742/300x300.jpg
Pain et Viennoiserie,cc33c957-18db-426c-bc07-28c301adf25a,MPX_2454522,Monoprix Craquelins Au Son D'Avoine 190G,3.35,17.63,"['Nos recettes', 'Recettes Végétariennes', '& Petits chèvres frais panés']",Monoprix,True,False,false,1.0,MONTH,190g,[],https://courses.monoprix.fr/images-v3/0c44253f-c4a3-4340-9d37-d41e42b9d14a/327fd0b2-0ff5-463c-99ce-68d858ac3916/300x300.jpg
Pain et Viennoiserie,6a485553-d38a-4d62-9d07-f27e5c7a723c,MPX_3887572,Dolcioso Mini Panettone 100g,2.39,23.9,"['Produits du monde', 'Italie - Italia', 'Biscuits, Panettone, Foccacia et Miel']",DOLCIOSO,True,False,false,1.0,MONTH,100g,[],https://courses.monoprix.fr/images-v3/0c44253f-c4a3-4340-9d37-d41e42b9d14a/6ca91bfd-5397-4c1e-baaf-a0ba3c245861/300x300.jpg
Pain et Viennoiserie,a933c7d3-af02-40b2-8d2a-7140d97eb71b,MPX_1774505,La fournée dorée Gâche pépites Chocolat 500g,3.95,7.9,"['Pain et Viennoiserie', 'Pain au lait et Brioche', 'Gâche et Navette']",La fournée dorée,True,False,false,1.0,WEEK,500g,[],https://courses.monoprix.fr/images-v3/0c44253f-c4a3-4340-9d37-d41e42b9d14a/79b688f2-96dd-4f39-a3ae-aa3e277fac9a/300x300.jpg
Pain et Viennoiserie,207ca490-73dd-4098-b96d-ba75c73ccebc,MPX_2411794,Biofournil Mpad 6 Petits Pavés Céréales,3.59,9.97,"['Bio', 'Pain et Galette de riz bio', 'Pain et Biscotte bio']",BIOFOURNIL,True,False,false,2.0,MONTH,360g,['Produit bio'],https://courses.monoprix.fr/images-v3/0c44253f-c4a3-4340-9d37-d41e42b9d14a/b0595418-3c57-4a50-9a92-b4e05e82dada/300x300.jpg
Pain et Viennoiserie,a5a405d5-c425-4dfb-999f-8ff0efaacc5c,MPX_1686454,Biofournil 2 Camusettes De Campagne 400G,3.65,9.13,"['Bio', 'Pain et Galette de riz bio', 'Pain et Biscotte bio']",BIOFOURNIL,True,False,false,2.0,MONTH,400g,['Produit bio'],https://courses.monoprix.fr/images-v3/0c44253f-c4a3-4340-9d37-d41e42b9d14a/2657d179-9364-42df-927b-fdea03c11af4/300x300.jpg
Pain et Viennoiserie,d332b3c3-f57d-4889-bcbd-9e09efb275a2,MPX_3175431,Gerblé Galette Riz Choco Noir 130G,2.75,21.15,"['Bio', 'Pain et Galette de riz bio', 'Galette de riz bio']",Gerblé,True,False,false,2.0,MONTH,130g,[],https://courses.monoprix.fr/images-v3/0c44253f-c4a3-4340-9d37-d41e42b9d14a/314ef04e-ef55-4e71-a28c-492092942961/300x300.jpg
Pain et Viennoiserie,18bcffc6-1630-44e5-970f-24b662dec64c,MPX_5652816,Harrys pain de mie 100% tranches epaisses nature sans additifs 500g,2.99,5.98,"['Pain et Viennoiserie', 'Pain de mie', 'Pain de mie nature']",Harrys,True,False,false,5.0,DAY,500g,['Produit végétarien'],https://courses.monoprix.fr/images-v3/0c44253f-c4a3-4340-9d37-d41e42b9d14a/9e5d580d-82b6-48e8-9d72-04517c47b904/300x300.jpg
Pain et Viennoiserie,e0b04c06-262f-4aa0-bc98-a1caa1424f0d,MPX_4028979,La Boulangère Tartines Quinoa et Graines Bio Sachet 450g,3.35,7.44,"['Bio', 'Pain et Galette de riz bio', 'Pain et Biscotte bio']",La Boulangère,True,False,false,6.0,DAY,450g,['Produit bio'],https://courses.monoprix.fr/images-v3/0c44253f-c4a3-4340-9d37-d41e42b9d14a/550bbf58-c3fb-4b6e-a5eb-b183c096be04/300x300.jpg
Pain et Viennoiserie,466409a5-4ea6-445c-9fbf-07d9e011aa53,MPX_3886395,Brioche Pasquier Brioche Tressée Nature 630g,3.99,6.33,"['Pain et Viennoiserie', 'Pain au lait et Brioche', 'Brioche tranchée et Brioche tressée']",Brioche Pasquier,True,False,false,1.0,WEEK,630g,[],https://courses.monoprix.fr/images-v3/0c44253f-c4a3-4340-9d37-d41e42b9d14a/3a21bd68-6a53-4b9b-8d98-40af57f6630c/300x300.jpg
Pain et Viennoiserie,a538c48b-52e2-443b-9a0f-c0c5c4dd374c,MPX_3034233,Atelier Georget Part de Tarte Normande 130g,2.5,19.23,"['Nos régions de France', 'Normandie', 'Biscuit, cake et tarte normande']",HAFNER,True,False,false,4.0,DAY,130g,[],https://courses.monoprix.fr/images-v3/0c44253f-c4a3-4340-9d37-d41e42b9d14a/02542723-68d4-4a3d-a45e-4f0ae1fc80c9/300x300.jpg
Pain et Viennoiserie,e1e48b32-9c7f-4eac-9d46-89a9cc6c7644,MPX_2063039,Bjorg Galettes Épeautre & Son D'Avoine Bio 130G,1.75,13.46,"['Bio', 'Epicerie sucrée bio', 'Pain et Galette de riz bio', 'Galette de riz bio']",Bjorg,True,False,false,1.0,MONTH,130g,['Produit bio'],https://courses.monoprix.fr/images-v3/0c44253f-c4a3-4340-9d37-d41e42b9d14a/4b2fc11a-2243-4d90-b28f-e6a9e97be699/300x300.jpg
Pain et Viennoiserie,9ed0d1ea-6557-4b16-ad28-45ca28d69ccf,MPX_2810454,La Boulangère Tartines Cereales Campagne 450G,2.25,5.0,"['Pain et Viennoiserie', 'Pain et Baguette', 'Pain de Seigle et Pain de campagne']",La Boulangère,True,False,false,5.0,DAY,450g,['Produit végétarien'],https://courses.monoprix.fr/images-v3/0c44253f-c4a3-4340-9d37-d41e42b9d14a/4fd76e86-1119-42a1-8e76-457b182f5a9e/300x300.jpg
Pain et Viennoiserie,0e8aefa6-c619-4272-b1af-1c92ea14fe84,MPX_3173064,"Bjorg Galettes 4 céréales, pauvre en sel, bio 130g",1.85,14.23,"['Bio', 'Epicerie sucrée bio', 'Pain et Galette de riz bio', 'Galette de riz bio']",Bjorg,True,False,false,1.0,MONTH,130g,[],https://courses.monoprix.fr/images-v3/0c44253f-c4a3-4340-9d37-d41e42b9d14a/b7f12897-c554-4e3a-83a1-3d91a2208df0/300x300.jpg
Pain et Viennoiserie,b25b5688-a266-489b-b293-c652ed140623,MPX_2838549,Pasquier Tartines De Pain Blé Complet 240G,1.99,8.29,"['Pain et Viennoiserie', 'Biscotte, Tartine et Galette de riz', 'Pain craquant, Cracotte et Cracker']",Brioche pasquier,True,False,false,2.0,MONTH,240g,[],https://courses.monoprix.fr/images-v3/0c44253f-c4a3-4340-9d37-d41e42b9d14a/b9f1636e-c69d-47d6-973d-61fdafb1f76b/300x300.jpg
Pain et Viennoiserie,7a263c43-21b0-463a-897f-7bd58a297a70,MPX_3575109,Pasquier Tartines Grilletine Blé Complet 242g,1.95,8.06,"['Pain et Viennoiserie', 'Biscotte, Tartine et Galette de riz', 'Biscotte']",Grilletine,True,False,false,2.0,MONTH,242g,['Produit végétarien'],https://courses.monoprix.fr/images-v3/0c44253f-c4a3-4340-9d37-d41e42b9d14a/e8b26b52-c825-42d1-97af-a031d937ecf1/300x300.jpg
Pain et Viennoiserie,ececba48-aaad-4bc9-b04d-4e737bd67bee,MPX_5723665,Pitch Brioche Chocolat x12 450g,3.49,7.76,"['Pain et Viennoiserie', 'Pain au lait et Brioche', 'Pain au lait']",Pitch,True,False,false,1.0,WEEK,450g,[],https://courses.monoprix.fr/images-v3/0c44253f-c4a3-4340-9d37-d41e42b9d14a/69dd775f-b6d8-41d6-90b3-23ba0049d437/300x300.jpg
Pain et Viennoiserie,06184134-bd29-4829-bfca-cd742e87efe2,MPX_2258588,Monoprix Petits Chinois Aux Pépites De Chocolat 300G,2.49,8.3,"['Pain et Viennoiserie', 'Pain au lait et Brioche', 'Pain au lait']",Monoprix,True,False,false,1.0,WEEK,300g,[],https://courses.monoprix.fr/images-v3/0c44253f-c4a3-4340-9d37-d41e42b9d14a/800ba94f-bc7f-47c2-9156-ba19ef75b5a6/300x300.jpg
Pain et Viennoiserie,619eb64f-2a3a-4276-a331-fa60f0496a6f,MPX_3789994,Pasquier Tartines De Pain Campagne 180g,2.15,11.94,"['Pain et Viennoiserie', 'Biscotte, Tartine et Galette de riz', 'Biscotte']",Brioche Pasquier,True,False,false,2.0,MONTH,180g,[],https://courses.monoprix.fr/images-v3/0c44253f-c4a3-4340-9d37-d41e42b9d14a/e1168ec3-5369-45ec-bc50-b91b0f359c9d/300x300.jpg
Pain et Viennoiserie,53954255-f37c-4a37-b3dd-cbe10f4ae7e2,MPX_1253703,Monoprix Petits Pains Grillés Au Froment 225g,1.29,5.73,"['Mes marques Monoprix', 'Monoprix', 'Epicerie sucrée', 'Pain et Viennoiserie']",Monoprix,True,False,false,2.0,MONTH,225g,[],https://courses.monoprix.fr/images-v3/0c44253f-c4a3-4340-9d37-d41e42b9d14a/faa138ef-b914-44d9-aabd-aa795be5c7bc/300x300.jpg
Pain et Viennoiserie,1db7d0b1-26e6-4def-ba97-62e9c7bd0ffc,MPX_1906202,Monoprix Brioche Tressée Aux Œufs Frais 600G,2.99,4.98,"['Pain et Viennoiserie', 'Pain au lait et Brioche', 'Brioche tranchée et Brioche tressée']",Monoprix,True,False,false,1.0,WEEK,600g,[],https://courses.monoprix.fr/images-v3/0c44253f-c4a3-4340-9d37-d41e42b9d14a/6d20eb64-2ae5-43c4-a2d3-304591d75a85/300x300.jpg
Pain et Viennoiserie,02899b09-45bf-45ad-a514-eca57248efcc,MPX_3823178,La Boulangère Pain de table lin tournesol Bio 400g,3.25,8.13,"['Bio', 'Pain et Galette de riz bio', 'Pain et Biscotte bio']",La Boulangère,True,False,false,5.0,DAY,400g,['Produit bio'],https://courses.monoprix.fr/images-v3/0c44253f-c4a3-4340-9d37-d41e42b9d14a/c5b05a1a-5a7b-4fec-b5fe-42da4f745154/300x300.jpg
Pain et Viennoiserie,13cc20fb-356a-4367-ab34-e6f0f60a10a3,MPX_5652787,Dr. Karg´s Pain croustillant Cranberries & Coco 200g,3.85,19.25,"['Pain et Viennoiserie', 'Pain et Baguette', 'Pain de Seigle et Pain de campagne']",Dr. Karg'S,True,False,false,1.0,MONTH,200g,[],https://courses.monoprix.fr/images-v3/0c44253f-c4a3-4340-9d37-d41e42b9d14a/7c3539ad-9f51-47bc-84ad-aef719bd01d3/300x300.jpg
Pain et Viennoiserie,88a9b985-c6e6-4355-9c6e-803587cbb8a9,MPX_736155,Jacquet Toasts de pain de mie briochés pour foie gras 250g,1.99,7.96,"['Pain et Viennoiserie', 'Toast, Canapé et Blini', 'Toast et Canapé']",Jacquet,True,False,false,1.0,WEEK,250g,[],https://courses.monoprix.fr/images-v3/0c44253f-c4a3-4340-9d37-d41e42b9d14a/ac9c4aeb-9ba5-4814-b467-2203f16d895c/300x300.jpg
Pain et Viennoiserie,ecfbcba1-6a3b-4a1a-be21-e421d65ce030,MPX_3405792,Brioche Pasquier P'Tit Sandwich Façon Bretzel Céréales et Pavot x6 270g,2.49,9.22,"['Pain et Viennoiserie', 'Burger et Pain du monde', 'Muffin et Pancake']",Brioche Pasquier,True,False,false,1.0,WEEK,270g,[],https://courses.monoprix.fr/images-v3/0c44253f-c4a3-4340-9d37-d41e42b9d14a/b4ec69de-fc5c-497a-9286-fd5150c2778e/300x300.jpg
Pain et Viennoiserie,26e1d5eb-e88a-4dac-9cd7-89d3d2da1c41,MPX_12958,Bjorg Pain d'Epices Miel Bio à la Farine de Seigle 300g,2.55,8.5,"['Bio', 'Pain et Galette de riz bio', 'Pain et Biscotte bio']",Bjorg,True,False,false,1.0,MONTH,300g,['Produit bio'],https://courses.monoprix.fr/images-v3/0c44253f-c4a3-4340-9d37-d41e42b9d14a/5bf47e52-08ed-447b-b3cb-2280df671f39/300x300.jpg
Pain et Viennoiserie,7e9ed543-8440-478d-b8ba-221194378235,MPX_3475574,Merci Mamie Brioche à tête artisanale 350g,5.99,17.11,"['Pain et Viennoiserie', 'Pain au lait et Brioche', 'Brioche tranchée et Brioche tressée']",Merci mamie,True,False,false,5.0,DAY,350g,[],https://courses.monoprix.fr/images-v3/0c44253f-c4a3-4340-9d37-d41e42b9d14a/e3356ea7-868d-46af-9ec8-9ad3c17799e8/300x300.jpg
Pain et Viennoiserie,07919b1d-9728-42a3-ad22-8b09fd7cab9b,MPX_6695260,Dr Karg's Pain croustillant Emmental Bio 200g,3.99,19.95,"['Bio', 'Epicerie sucrée bio', 'Pain et Galette de riz bio', 'Pain et Biscotte bio']",Dr Karg's,True,False,false,1.0,MONTH,200g,['Produit bio'],https://courses.monoprix.fr/images-v3/0c44253f-c4a3-4340-9d37-d41e42b9d14a/99a3b1dd-869c-4bbe-bbb4-57e5d4139504/300x300.jpg
Pain et Viennoiserie,339ca59f-ef75-4966-bda1-a103793ecd9c,MPX_5723664,Pitch Brioche Choco Barre Noir x8 300g,2.99,9.97,"['Pain et Viennoiserie', 'Pain au lait et Brioche', 'Pain au lait']",Pitch,True,False,false,1.0,WEEK,300g,[],https://courses.monoprix.fr/images-v3/0c44253f-c4a3-4340-9d37-d41e42b9d14a/b98e2981-2302-42c1-99c9-177fe32e3ada/300x300.jpg
Pain et Viennoiserie,6c597ff9-15a6-41cd-9814-af98fc7c1080,MPX_2353618,Monoprix Pain de Mie Brioché Spécial Toast 280g,1.39,4.96,"['Pain et Viennoiserie', 'Toast, Canapé et Blini', 'Toast et Canapé']",Monoprix,True,False,false,1.0,MONTH,280g,[],https://courses.monoprix.fr/images-v3/0c44253f-c4a3-4340-9d37-d41e42b9d14a/baab82aa-ebac-4fe9-8502-dd798975afa9/300x300.jpg
Pain et Viennoiserie,a2a272a9-0c53-4383-8819-402d54e96f12,MPX_2008356,Blini Blinis Apero 125G,2.85,22.8,"['Pain et Viennoiserie', 'Toast, Canapé et Blini', 'Blini']",Blini,True,False,false,1.0,WEEK,125g,[],https://courses.monoprix.fr/images-v3/0c44253f-c4a3-4340-9d37-d41e42b9d14a/6db5b976-e386-4619-bda7-844ec121cbb2/300x300.jpg
Pain et Viennoiserie,fdad3d57-975a-462a-aec4-ea9f3bf59dda,MPX_1626545,Mavromatis Pain Libanais Traditionnel 400g,3.1,7.75,"['La Halle', 'Boutique Mavrommatis']",MAVROMMATIS,True,False,false,4.0,WEEK,400g,[],https://courses.monoprix.fr/images-v3/0c44253f-c4a3-4340-9d37-d41e42b9d14a/7d52b71f-0192-4a2a-891c-6111fa58b57b/300x300.jpg
Pain et Viennoiserie,7dd576ae-9cf6-4aca-8f8c-a90b480689ae,MPX_4042168,Atelier Georget Eclairs au Café 2x80g,3.85,24.06,"['La Halle', 'Le Pain en ville']",Atelier georget,True,False,false,4.0,DAY,2 x 80g,['Produit décongelé'],https://courses.monoprix.fr/images-v3/0c44253f-c4a3-4340-9d37-d41e42b9d14a/592e9076-4132-44fb-a121-c64a78a1ac9d/300x300.jpg
Pain et Viennoiserie,36ee7e04-bc3d-414d-b65e-296ac71f20c5,MPX_4057243,Brioche Pasquier Gache Tranchee 500g,2.75,5.5,"['Pain et Viennoiserie', 'Pain au lait et Brioche', 'Gâche et Navette']",Brioche Pasquier,True,False,false,1.0,WEEK,500g,[],https://courses.monoprix.fr/images-v3/0c44253f-c4a3-4340-9d37-d41e42b9d14a/c2b2c3a9-29a3-4e21-a35f-f3644f6404f2/300x300.jpg
Pain et Viennoiserie,2e6d9586-bbcf-4c16-b92a-f5e65ea02826,MPX_3753971,Monoprix Mini Toast Apéro Multi Céréales 100g,2.09,20.9,"['Pain et Viennoiserie', 'Toast, Canapé et Blini', 'Toast et Canapé']",Monoprix,True,False,false,2.0,MONTH,100g,[],https://courses.monoprix.fr/images-v3/0c44253f-c4a3-4340-9d37-d41e42b9d14a/d29a0401-713a-43f1-bc82-428b2e5196af/300x300.jpg
Pain et Viennoiserie,b6f55071-c989-4aac-95c4-369ae5b8e399,MPX_4001942,Atelier Georget Part Flan Pâtissier x2 280g,3.19,11.39,"['La Halle', 'Le Pain en ville']",Atelier georget,True,False,false,2.0,DAY,2 x 140g,[],https://courses.monoprix.fr/images-v3/0c44253f-c4a3-4340-9d37-d41e42b9d14a/9488adc1-7bef-4f15-b2ee-ba051674d108/300x300.jpg
Pain et Viennoiserie,3ee4f799-93a1-4905-8569-15ba830ff5bb,MPX_5186415,Jacquet Burger Géant Brioché Sans Additif x4 320g,2.35,7.34,"['Pain et Viennoiserie', 'Burger et Pain du monde', 'Pain burger']",Jacquet,True,False,false,2.0,WEEK,320g,[],https://courses.monoprix.fr/images-v3/0c44253f-c4a3-4340-9d37-d41e42b9d14a/567f3134-7b91-468b-8101-841eb938f19f/300x300.jpg
Pain et Viennoiserie,5b4c7893-2a7d-43e6-8721-15b663f09c79,MPX_4056169,Jacquet Pain De Mie Nature Sans Sucres Ajoutés Format Familial 825G,3.15,3.82,"['Nos sélections', 'Inspiration du moment', '& Sélection gros formats', 'Pains et Viennoiserie']",Jacquet,True,False,false,1.0,WEEK,825g,[],https://courses.monoprix.fr/images-v3/0c44253f-c4a3-4340-9d37-d41e42b9d14a/f39d5244-2151-44d9-8aab-fb29314851c7/300x300.jpg
Pain et Viennoiserie,8d73f536-dc49-4f7b-94f4-aa30d1e49781,MPX_6737004,WW pain protéine aux graines de lin sésame & Tournesol 250g,4.49,17.96,"['Pain et Viennoiserie', 'Toast, Canapé et Blini', 'Toast et Canapé']",Weight Watchers,True,False,false,2.0,MONTH,0.25kg,[],https://courses.monoprix.fr/images-v3/0c44253f-c4a3-4340-9d37-d41e42b9d14a/9bf19ac6-d01a-4263-a838-6366a60ddd5f/300x300.jpg
Pain et Viennoiserie,6ce365dd-2d29-4395-a249-24860f51e994,MPX_1895018,Monoprix Bio Petits Pains Grillés aux 5 Céréales 225g,2.09,9.29,"['Bio', 'Pain et Galette de riz bio', 'Pain et Biscotte bio']",Monoprix Bio,True,False,false,2.0,MONTH,225g,['Produit bio'],https://courses.monoprix.fr/images-v3/0c44253f-c4a3-4340-9d37-d41e42b9d14a/6d934fa5-a4b3-4ade-ad91-db1d2a8481c1/300x300.jpg
Pain et Viennoiserie,25bc8fa9-24d6-4d8f-a7bd-f04f697a6ef4,MPX_3823186,Brioche Pasquier Beignets Chocolat x6 270g,3.15,11.67,"['Pain et Viennoiserie', 'Burger et Pain du monde', 'Muffin et Pancake']",Brioche Pasquier,True,False,false,1.0,WEEK,270g,[],https://courses.monoprix.fr/images-v3/0c44253f-c4a3-4340-9d37-d41e42b9d14a/6886d8fc-8e22-4ac8-a01e-f764060641b6/300x300.jpg
Pain et Viennoiserie,6ffb0601-615e-41ea-be47-a69d66a73c2d,MPX_5836686,Pitch Brioche Gout Pomme Poire x8 300g,2.59,8.63,"['Pain et Viennoiserie', 'Pain au lait et Brioche', 'Pain au lait']",Pitch,True,False,false,1.0,WEEK,300g,[],https://courses.monoprix.fr/images-v3/0c44253f-c4a3-4340-9d37-d41e42b9d14a/13ce4329-52d8-417c-8cc6-d704be912715/300x300.jpg
Pain et Viennoiserie,8a57915b-99b9-4053-bb0b-4daf60553631,MPX_3575110,Pasquier Tartines Grilletine Froment 242g,1.95,8.06,"['Pain et Viennoiserie', 'Biscotte, Tartine et Galette de riz', 'Biscotte']",Grilletine,True,False,false,2.0,MONTH,242g,['Produit végétarien'],https://courses.monoprix.fr/images-v3/0c44253f-c4a3-4340-9d37-d41e42b9d14a/ea0cf443-32c0-42fb-b9e1-da58987f573d/300x300.jpg
Pain et Viennoiserie,fa43cb49-a360-42f3-b5f0-7d0d7ec5dbf9,MPX_89629,Poilane Pain aux noix tranché 300g,5.29,17.63,"['Nos sélections', 'Inspiration du moment', '& Le Coin du marché', 'Pains et viennoiseries']",POILÂNE,True,False,false,1.0,DAY,300g,[],https://courses.monoprix.fr/images-v3/0c44253f-c4a3-4340-9d37-d41e42b9d14a/fb238632-f66c-4136-b205-c61b64ee1f60/300x300.jpg
Pain et Viennoiserie,136c9a29-fd5c-4fbc-b86a-1794e7219ab0,MPX_55410,Lu Pelletier Biscottes Tradition 285G,1.89,6.63,"['Pain et Viennoiserie', 'Biscotte, Tartine et Galette de riz', 'Biscotte']",PELLETIER,True,False,false,2.0,MONTH,285g,[],https://courses.monoprix.fr/images-v3/0c44253f-c4a3-4340-9d37-d41e42b9d14a/dc8785b7-e69a-49ce-b67a-743fd93715d6/300x300.jpg
Pain et Viennoiserie,f13534c4-a14d-4e82-8052-c898ccdf056e,MPX_3956458,Brioche Pasquier - Pancakes pépites de chocolat - x10 350g,3.45,9.86,"['Pain et Viennoiserie', 'Burger et Pain du monde', 'Muffin et Pancake']",Brioche Pasquier,True,False,false,1.0,WEEK,350g,[],https://courses.monoprix.fr/images-v3/0c44253f-c4a3-4340-9d37-d41e42b9d14a/6fd0e4a6-cf0d-44f7-80f3-0f0dc8723f45/300x300.jpg
Pain et Viennoiserie,72aef9b1-91ee-4be7-be17-d56386fef25b,MPX_1626698,Mavromatis Pain Pita Chypriote Complet 420g,3.1,7.38,"['La Halle', 'Boutique Mavrommatis']",MAVROMATIS,True,False,false,2.0,WEEK,420g,[],https://courses.monoprix.fr/images-v3/0c44253f-c4a3-4340-9d37-d41e42b9d14a/d04dbb5c-0384-4fa0-a34e-c9098120eeb4/300x300.jpg
Pain et Viennoiserie,d7fd6d8d-2ed3-49e0-8149-848962c9db13,MPX_1626700,Mavromatis Pain Libanais complet 400g,3.25,8.13,"['La Halle', 'Boutique Mavrommatis']",MAVROMMATIS,True,False,false,3.0,WEEK,400g,[],https://courses.monoprix.fr/images-v3/0c44253f-c4a3-4340-9d37-d41e42b9d14a/ec357f29-b139-40b1-93a3-4eefa58526fe/300x300.jpg
Pain et Viennoiserie,b3316056-9889-442b-a77e-cbf30e8284e9,MPX_3859337,Wasa biscottes croustillantes sésame 250g,2.99,11.96,"['Nos sélections', 'Nos marques du moment', 'Boutique Wasa']",Wasa,True,False,false,1.0,MONTH,250g,['Produit végétarien'],https://courses.monoprix.fr/images-v3/0c44253f-c4a3-4340-9d37-d41e42b9d14a/24c82d98-f90f-470e-9fb0-4e53f7aaa03f/300x300.jpg
Pain et Viennoiserie,35d163da-c23b-4cba-afb6-b5c2876a4c30,MPX_4199914,Monoprix Tartine seigle sésame 250g,1.59,6.36,"['Mes marques Monoprix', 'Monoprix', 'Epicerie salée', 'Produit Apéritif']",Monoprix,True,False,false,2.0,MONTH,250g,[],https://courses.monoprix.fr/images-v3/0c44253f-c4a3-4340-9d37-d41e42b9d14a/aa039e7f-3ec5-43d6-9e25-26c07c9be355/300x300.jpg
Pain et Viennoiserie,e2bbce47-5ac7-4eea-8d34-07c9fe79e8fe,MPX_5652788,Dr. Karg´s Pain croustillant 5 céréales 200g,3.75,18.75,"['Pain et Viennoiserie', 'Pain de mie', 'Pain de mie aux céréales']",Dr. Karg'S,True,False,false,1.0,MONTH,200g,[],https://courses.monoprix.fr/images-v3/0c44253f-c4a3-4340-9d37-d41e42b9d14a/3b6a6a97-1e89-436a-8f27-0e4828e8a514/300x300.jpg
Pain et Viennoiserie,c43ec2fa-8ec0-448f-a47f-64029b99cb41,MPX_2306261,Pogne de Romans Fraiche 500g,5.6,11.2,"['Pain et Viennoiserie', 'Pain au lait et Brioche', 'Brioche individuelle']",Podis,True,False,false,6.0,DAY,500g,[],https://courses.monoprix.fr/images-v3/0c44253f-c4a3-4340-9d37-d41e42b9d14a/e78c77b0-5b46-4d89-af69-22b88ed81b96/300x300.jpg
Pain et Viennoiserie,3bc91799-f6c3-49a3-b18d-3da7a7d474f8,MPX_1726614,Monoprix Gourmet Pain De Mie Complet 500g,2.99,5.98,"['Nos sélections', 'Inspiration du moment', '& Sélection petit déjeuner', 'Pain, Viennoiserie et Céréales']",Monoprix Gourmet,True,False,false,6.0,DAY,500g,[],https://courses.monoprix.fr/images-v3/0c44253f-c4a3-4340-9d37-d41e42b9d14a/557fd754-e8f4-4ccb-9319-d257d7a63c41/300x300.jpg
Pain et Viennoiserie,51520966-4277-43a8-989e-c9a3543b1877,MPX_3859249,Lu Heudebert Biscottes 830g,3.39,4.08,"['Pain et Viennoiserie', 'Biscotte, Tartine et Galette de riz', 'Biscotte']",Lu,True,False,false,2.0,MONTH,830g,[],https://courses.monoprix.fr/images-v3/0c44253f-c4a3-4340-9d37-d41e42b9d14a/5b9f37d8-3761-4558-957b-6039aa258042/300x300.jpg
Pain et Viennoiserie,4046fd12-a1a0-4239-8262-47ae169d4a6c,MPX_2123203,Biofournil pain 460g,3.55,7.72,"['Bio', 'Pain et Galette de riz bio', 'Pain et Biscotte bio']",BIOFOURNIL,True,False,false,2.0,MONTH,460g,"['Produit végétarien', 'Produit bio']",https://courses.monoprix.fr/images-v3/0c44253f-c4a3-4340-9d37-d41e42b9d14a/fa4d288a-b637-4e01-a2c5-b21cd5731275/300x300.jpg
Pain et Viennoiserie,7b994a50-4975-4e6d-b078-73e0fc59d138,MPX_5723668,Pitch Brioche Chocolat au lait x8 300g,2.49,8.3,"['Pain et Viennoiserie', 'Pain au lait et Brioche', 'Pain au lait']",Pitch,True,False,false,1.0,WEEK,300g,[],https://courses.monoprix.fr/images-v3/0c44253f-c4a3-4340-9d37-d41e42b9d14a/f2290a0e-6a4d-445e-93e7-639ac0669253/300x300.jpg
Pain et Viennoiserie,e1236e1f-b8cd-4bde-ae1f-0163d7e4ff7c,MPX_4260361,Mini Beignets Fourrée Aux Pommes x8 - 200g,3.6,18.0,"['Pain et Viennoiserie', 'Pâtisserie et dessert', 'Pâtisserie et dessert']",Les Délices des 7 Vallées,True,False,false,6.0,MONTH,200g,['Produit congelé'],https://courses.monoprix.fr/images-v3/0c44253f-c4a3-4340-9d37-d41e42b9d14a/e78046b4-cec6-4bf9-a274-4eff9cceeb32/300x300.jpg
Pain et Viennoiserie,3ef8117e-d77f-47e2-823c-0e757ed7b98e,MPX_3034232,Atelier Georget Part de Flan Nature 140g,2.5,17.86,"['Charcuterie et Traiteur', 'Pâtisserie et dessert', 'Pâtisserie et dessert']",HAFNER,True,False,false,4.0,DAY,140g,[],https://courses.monoprix.fr/images-v3/0c44253f-c4a3-4340-9d37-d41e42b9d14a/66ca72e6-6bce-4636-af2e-24cac57c3b6a/300x300.jpg
Pain et Viennoiserie,5d9fb3e9-4a70-4c76-b43d-b7737c6ae624,MPX_5652786,Dr. Karg´s Pain croustillant épeautre 3 graines 200g,4.19,20.95,"['Pain et Viennoiserie', 'Pain et Baguette', 'Pain de Seigle et Pain de campagne']",Dr. Karg'S,True,False,false,1.0,MONTH,200g,['Produit bio'],https://courses.monoprix.fr/images-v3/0c44253f-c4a3-4340-9d37-d41e42b9d14a/33f91d25-02ea-44b8-8a20-b4f49ea88e61/300x300.jpg
Pain et Viennoiserie,cd6918bb-721d-402e-8883-25f9c68477ff,MPX_2651120,Pasquier Tartines Grillées Briochées 255g,2.49,9.76,"['Pain et Viennoiserie', 'Biscotte, Tartine et Galette de riz', 'Pain grillé et Tartine grillée']",Grilletine,True,False,false,2.0,MONTH,255g,[],https://courses.monoprix.fr/images-v3/0c44253f-c4a3-4340-9d37-d41e42b9d14a/6ab7a964-7753-4f0f-aa4a-7418a035a115/300x300.jpg
Pain et Viennoiserie,ba1d689f-a78b-403c-af41-cec687937f43,MPX_6565604,WW tartines craquantes 5 céréales 125g,2.99,23.92,"['Pain et Viennoiserie', 'Biscotte, Tartine et Galette de riz', 'Pain craquant, Cracotte et Cracker']",Weight Watchers,True,False,false,2.0,MONTH,125g,[],https://courses.monoprix.fr/images-v3/0c44253f-c4a3-4340-9d37-d41e42b9d14a/cbaf38fa-e4cf-4858-9224-222db8515c21/300x300.jpg
Pain et Viennoiserie,1dacab2b-e8de-4365-9fd0-48cb94b20406,MPX_1386618,Lu Heudebert La Tartine Biscottes goût Brioché 320g,4.35,13.59,"['Pain et Viennoiserie', 'Biscotte, Tartine et Galette de riz', 'Pain grillé et Tartine grillée']",HEUDEBERT,True,False,false,1.0,MONTH,320g,[],https://courses.monoprix.fr/images-v3/0c44253f-c4a3-4340-9d37-d41e42b9d14a/f8ab3d37-4535-4ca0-a69d-61e278a92ea0/300x300.jpg
Pain et Viennoiserie,78ce3f07-ff0f-4e05-8420-a6e099f4b43e,MPX_1653218,Cereal Bio Tartines craquantes au sarrasin 145 g,2.55,17.59,"['Bio', 'Pain et Galette de riz bio', 'Pain et Biscotte bio']",Cereal Bio,True,False,false,2.0,MONTH,145g,['Produit bio'],https://courses.monoprix.fr/images-v3/0c44253f-c4a3-4340-9d37-d41e42b9d14a/d9376f4a-3b07-4233-a624-5244db971ea0/300x300.jpg
Pain et Viennoiserie,4cee2072-64da-4990-b1f8-9b886d332bb3,MPX_2600985,Bjorg Pain Complet Bio Au Muesli 300G,3.59,11.97,"['Bio', 'Pain et Galette de riz bio', 'Pain et Biscotte bio']",Bjorg,True,False,false,2.0,MONTH,300g,[],https://courses.monoprix.fr/images-v3/0c44253f-c4a3-4340-9d37-d41e42b9d14a/793849fe-590d-4cd6-91d0-9ad4e1d52525/300x300.jpg
Pain et Viennoiserie,844cd168-370e-4b04-ab53-e024bd495e34,MPX_751,Lu Cracotte Biscottes fourées Framboise 200g,2.15,10.75,"['Nos sélections', 'Boutique Enfants', 'Pour le petit-déjeuner de vos enfants']",CRACOTTE,True,False,false,2.0,MONTH,200g,[],https://courses.monoprix.fr/images-v3/0c44253f-c4a3-4340-9d37-d41e42b9d14a/47e1a9cc-fb76-41e1-a16d-1eb76dc7a571/300x300.jpg
Pain et Viennoiserie,d0cf4828-a18b-4a29-924c-2674fda80d9a,MPX_3972910,Monoprix Gourmet Pain Muesil 400G,3.29,8.23,"['Mes marques Monoprix', 'Monoprix Gourmet', 'Epicerie Sucrée', 'Pain et Viennoiserie']",Monoprix Gourmet,True,False,false,4.0,WEEK,400g,[],https://courses.monoprix.fr/images-v3/0c44253f-c4a3-4340-9d37-d41e42b9d14a/452ebe12-be22-4db2-8705-04bfc55c2867/300x300.jpg
Pain et Viennoiserie,f3d11f15-7307-403f-819f-24d581ca3e0f,MPX_3293257,Poilâne Pain De Mie Tranché 450G,4.85,10.78,"['Nos sélections', 'Inspiration du moment', '& Le Coin du marché', 'Pains et viennoiseries']",POILÂNE,True,False,false,1.0,DAY,450g,[],https://courses.monoprix.fr/images-v3/0c44253f-c4a3-4340-9d37-d41e42b9d14a/5a706917-7ff4-49d4-a504-a3f379369a03/300x300.jpg
Pain et Viennoiserie,53451a2b-0608-4368-a8dd-55a9afb39520,MPX_3860526,Monoprix Bio Pain d'épice 300g,4.79,15.97,"['Pain et Viennoiserie', 'Toast, Canapé et Blini', ""Pain d'épice""]",Monoprix Bio,True,False,false,2.0,MONTH,300g,['Produit bio'],https://courses.monoprix.fr/images-v3/0c44253f-c4a3-4340-9d37-d41e42b9d14a/1a577cf5-af1d-4b18-896a-26eb5dbb0848/300x300.jpg
Pain et Viennoiserie,ef1f3dd7-8487-456f-9f07-30e531d188c4,MPX_5836596,Pitch Brioche Pâte à Tartiner x7 262g,2.99,11.41,"['Pain et Viennoiserie', 'Pain au lait et Brioche', 'Pain au lait']",Pitch,True,False,false,1.0,WEEK,262g,[],https://courses.monoprix.fr/images-v3/0c44253f-c4a3-4340-9d37-d41e42b9d14a/1add8f91-c962-4096-b542-66a0a426e29d/300x300.jpg
Pain et Viennoiserie,9cc4977f-ae5a-47c9-a5b9-eeb24fe75d28,MPX_2960988,L'Angelus Buns Nature Au Sésame Bio 4x50g,3.83,19.15,"['Pain et Viennoiserie', 'Burger et Pain du monde', 'Pain burger']",L'ANGELUS,True,False,false,2.0,WEEK,4 x 50g,['Produit bio'],https://courses.monoprix.fr/images-v3/0c44253f-c4a3-4340-9d37-d41e42b9d14a/4cc565d3-8d9f-40b2-ab28-8a7b3135f80e/300x300.jpg
Pain et Viennoiserie,f62591b5-2afd-482a-83e4-4bcab47b54e7,MPX_3860588,Saint Michel Stm-Doonuts Marbres Chocx6 180,1.99,11.06,"['Pain et Viennoiserie', 'Viennoiserie', 'Croissant']",St Michel,True,False,false,2.0,MONTH,180g,['Produit végétarien'],https://courses.monoprix.fr/images-v3/0c44253f-c4a3-4340-9d37-d41e42b9d14a/4527e3e7-99f3-41ff-92bc-34e32c912dfb/300x300.jpg
Pain et Viennoiserie,52b23b13-30d4-4725-8398-6d950415aaab,MPX_1786404,Lu Heudebert Biscottes Forme + 300g,2.75,9.82,"['Pain et Viennoiserie', 'Biscotte, Tartine et Galette de riz', 'Biscotte']",HEUDEBERT,True,False,false,1.0,MONTH,280g,[],https://courses.monoprix.fr/images-v3/0c44253f-c4a3-4340-9d37-d41e42b9d14a/e0973cb9-485d-4a80-8972-7aaed1ea4197/300x300.jpg
Pain et Viennoiserie,95af160d-f423-47c6-8770-f2682d2d8df8,MPX_3939402,Krisprolls Petits Pains Suédois saveur Briochées 225g,2.79,12.4,"['Pain et Viennoiserie', 'Biscotte, Tartine et Galette de riz', 'Pain grillé et Tartine grillée']",Krisprolls,True,False,false,1.0,MONTH,225g,[],https://courses.monoprix.fr/images-v3/0c44253f-c4a3-4340-9d37-d41e42b9d14a/de55ad1d-0814-4e72-a4e8-e6b296464443/300x300.jpg
Pain et Viennoiserie,12021ded-3ffd-424b-9ba7-1cd72c33fa24,MPX_6623989,Krisprolls Sans Sucres Ajoutés Froment 425g,4.99,11.74,"['Epicerie Sucrée', 'Biscuit Sec', 'Biscuit petit déjeuner']",Krisprolls,True,False,false,1.0,MONTH,425g,[],https://courses.monoprix.fr/images-v3/0c44253f-c4a3-4340-9d37-d41e42b9d14a/a87d17d8-3df4-407d-9608-9ca8def6dff0/300x300.jpg
Pain et Viennoiserie,bbe8e76a-32f6-4415-9069-7b4acf81891e,MPX_3860435,Harrys Pain burger sésame 510G,2.69,5.27,"['Pain et Viennoiserie', 'Burger et Pain du monde', 'Pain burger']",Harrys,True,False,false,2.0,WEEK,510g,[],https://courses.monoprix.fr/images-v3/0c44253f-c4a3-4340-9d37-d41e42b9d14a/2d6b4433-df00-488b-8ce6-ef9a2c79320d/300x300.jpg
Pain et Viennoiserie,83200af0-3546-4c38-8801-377ee5adee28,MPX_6669139,Le Gourmet Gâteau de Noël Stollen à la pâte d’amande 200g,3.99,19.95,"['Pain et Viennoiserie', 'Pain au lait et Brioche', 'Panettone et Stollen']",Le Gourmet,True,False,false,4.0,WEEK,200g,[],https://courses.monoprix.fr/images-v3/0c44253f-c4a3-4340-9d37-d41e42b9d14a/675e50a0-166e-46c2-be61-4f9bf43664a9/300x300.jpg
Pain et Viennoiserie,8dcdbc94-fb91-42a1-bd8b-f310ff180dae,MPX_1335669,"Jacquet canapés natures, toasts de pain de mie 250g",1.99,7.96,"['Pain et Viennoiserie', 'Toast, Canapé et Blini', 'Toast et Canapé']",Jacquet,True,False,false,1.0,WEEK,250g,[],https://courses.monoprix.fr/images-v3/0c44253f-c4a3-4340-9d37-d41e42b9d14a/cd5baf24-f63a-4b69-a553-286fbdde3cfc/300x300.jpg
Pain et Viennoiserie,4c7d7203-f036-45e0-9df9-6524bd323bf5,MPX_3575827,Schär Biscottes Sans Gluten 260g,6.15,23.65,"['Pain et Viennoiserie', 'Biscotte, Tartine et Galette de riz', 'Biscotte']",Schär,True,False,false,2.0,MONTH,260g,[],https://courses.monoprix.fr/images-v3/0c44253f-c4a3-4340-9d37-d41e42b9d14a/37592c22-5c0d-4034-ad31-e219aa5c1c7b/300x300.jpg
Pain et Viennoiserie,84a981a7-ff24-41d2-92cb-380b1989bfc6,MPX_4260640,Schar Pain Campagnard aux Graines 250g,4.69,18.76,"['Pain et Viennoiserie', 'Pain et Baguette', 'Pain de Seigle et Pain de campagne']",Schar,True,False,false,1.0,MONTH,250g,[],https://courses.monoprix.fr/images-v3/0c44253f-c4a3-4340-9d37-d41e42b9d14a/390d5d0d-cd04-42a2-89f3-9ee3335862b8/300x300.jpg
Pain et Viennoiserie,0ddee9e5-a8ac-4d2c-9535-fc95567f1497,MPX_2810418,Poilane Demi Seigle Rond Tranché 430g,4.19,9.74,"['Nos sélections', 'Inspiration du moment', '& Le Coin du marché', 'Pains et viennoiseries']",POILÂNE,True,False,false,1.0,DAY,430g,['Produit vegan'],https://courses.monoprix.fr/images-v3/0c44253f-c4a3-4340-9d37-d41e42b9d14a/39da7e78-c2ba-4952-a40b-16b369b7f27a/300x300.jpg
Pain et Viennoiserie,38ba6536-8851-4cfa-8c54-7dbfeb5bbc3e,MPX_4202738,Astruc Pâtisserie Financier au Beurre Frais 180g,4.99,16.63,"['La Halle', 'Le Pain en ville']",Astruc Pâtisserie,True,False,false,1.0,WEEK,300g,[],https://courses.monoprix.fr/images-v3/0c44253f-c4a3-4340-9d37-d41e42b9d14a/673bb3d6-7d76-4556-81d1-18447135b14e/300x300.jpg
Pain et Viennoiserie,483f324c-a459-4f81-afd7-af924f658865,MPX_89632,Poilane Pavé de Seigle aux Raisins 600g,4.99,8.32,"['Nos régions de France', 'Ile de France', 'Les marques de la région']",POILÂNE,True,False,false,1.0,DAY,600g,[],https://courses.monoprix.fr/images-v3/0c44253f-c4a3-4340-9d37-d41e42b9d14a/f8fd3aea-751e-40e5-9f30-4b93e0ef126e/300x300.jpg
Pain et Viennoiserie,ba7594f5-1bd6-4541-81af-78a2a9990963,MPX_2507022,"Jacquet Toast Rond Brioché, Nature 500G",3.79,7.58,"['Pain et Viennoiserie', 'Toast, Canapé et Blini', 'Toast et Canapé']",Jacquet,True,False,false,4.0,WEEK,500g,[],https://courses.monoprix.fr/images-v3/0c44253f-c4a3-4340-9d37-d41e42b9d14a/258ef299-fe0c-43b2-84a3-0a2aa1e2cf41/300x300.jpg
Pain et Viennoiserie,713ec8ba-db5b-4b91-83fe-2f0943b3b660,MPX_3872761,Gâche bio tranchée pur beurre Viennoiseries 350g,4.79,13.69,"['Bio', 'Pain et Galette de riz bio', 'Pain et Biscotte bio']",-,True,False,false,6.0,DAY,350g,['Produit bio'],https://courses.monoprix.fr/images-v3/0c44253f-c4a3-4340-9d37-d41e42b9d14a/a73d943e-ebd0-4e43-81e1-3293b7f8a844/300x300.jpg
Pain et Viennoiserie,938d31f4-b9a4-4043-b1f9-a10ab457d236,MPX_2246767,Albert Ménès Pain D'Épices Pur Miel 300G,7.29,24.3,"['Pain et Viennoiserie', 'Toast, Canapé et Blini', ""Pain d'épice""]",Albert Ménès,True,False,false,2.0,MONTH,300g,[],https://courses.monoprix.fr/images-v3/0c44253f-c4a3-4340-9d37-d41e42b9d14a/d77bbbc3-6e9b-4ef1-865c-61bd1e3ec731/300x300.jpg
Pain et Viennoiserie,85264ef9-428d-4cd7-b8c2-191b0985b56f,MPX_6571006,Pasquier Pains au Lait Barre de Chocolat x8 320g,2.99,9.34,"['Pain et Viennoiserie', 'Pain au lait et Brioche', 'Pain au lait']",Brioche Pasquier,True,False,false,1.0,WEEK,320g,[],https://courses.monoprix.fr/images-v3/0c44253f-c4a3-4340-9d37-d41e42b9d14a/440de998-3028-4248-be87-7da1e1fd9fe5/300x300.jpg
Pain et Viennoiserie,859686c8-5181-4ad9-8de5-ced72ec4c435,MPX_3318926,Biofournil 2 Camusettes 5 Graines 400G,5.59,13.98,"['Bio', 'Pain et Galette de riz bio', 'Pain et Biscotte bio']",BIOFOURNIL,True,False,false,2.0,MONTH,400g,['Produit bio'],https://courses.monoprix.fr/images-v3/0c44253f-c4a3-4340-9d37-d41e42b9d14a/ed329a14-b670-4a05-b786-649f682415b2/300x300.jpg
Pain et Viennoiserie,6dd5c752-88e4-4067-adc9-e47c3f49b9bb,MPX_1653220,Cereal Bio Tartines craquantes multicéréales 145 g,2.29,15.79,"['Bio', 'Pain et Galette de riz bio', 'Pain et Biscotte bio']",Cereal Bio,True,False,false,2.0,MONTH,145g,['Produit bio'],https://courses.monoprix.fr/images-v3/0c44253f-c4a3-4340-9d37-d41e42b9d14a/501a1ed9-d8a1-4f53-ae9f-606279583d15/300x300.jpg
Pain et Viennoiserie,385a6c17-7e58-4540-a02c-b93fa33509a9,MPX_6737001,Gerblé Pain aux graines Sans Gluten 200g,3.89,19.45,"['Pain et Viennoiserie', 'Toast, Canapé et Blini', 'Toast et Canapé']",Gerble,True,False,false,2.0,MONTH,200g,[],https://courses.monoprix.fr/images-v3/0c44253f-c4a3-4340-9d37-d41e42b9d14a/46baae0b-0e78-491c-983f-768bcdb6f3e6/300x300.jpg
Pain et Viennoiserie,c938f8c8-d029-4a9e-8c93-ad2bc9e8f2f9,MPX_6650267,Monoprix 8 brioches coeur fondant chocolat,2.09,6.74,"['Pain et Viennoiserie', 'Pain au lait et Brioche', 'Brioche individuelle']",Monoprix,True,False,false,1.0,WEEK,310g,[],https://courses.monoprix.fr/images-v3/0c44253f-c4a3-4340-9d37-d41e42b9d14a/cedd836c-6033-4712-97e8-5860d04f3237/300x300.jpg
Pain et Viennoiserie,1b8c96f2-6836-4971-a444-054a3dda659b,MPX_1362431,La Fournée Dorée navettes pépites de chocolat au lait 360g,3.29,9.14,"['Pain et Viennoiserie', 'Pain au lait et Brioche', 'Gâche et Navette']",La fournée dorée,True,False,false,1.0,WEEK,360g,[],https://courses.monoprix.fr/images-v3/0c44253f-c4a3-4340-9d37-d41e42b9d14a/5f70fadf-7a00-498b-878f-526223be15a5/300x300.jpg
Pain et Viennoiserie,9ddc7b6d-45d2-467a-91dc-9da84e7c1f79,MPX_3989039,Harrys Pain de mie nature longue conservation 250G,1.19,4.76,"['Nos sélections', 'Nouveau sur le site', 'Epicerie']",Harrys,True,False,false,2.0,WEEK,250g,[],https://courses.monoprix.fr/images-v3/0c44253f-c4a3-4340-9d37-d41e42b9d14a/8a789fdf-512c-4f69-bc62-fd8d3c0fa5db/300x300.jpg
Pain et Viennoiserie,68094d23-0fb8-47f8-a459-aefb09775238,MPX_3765388,Pasquier Biscotte Blé Complet 300g,2.35,7.83,"['Pain et Viennoiserie', 'Biscotte, Tartine et Galette de riz', 'Biscotte']",Brioche Pasquier,True,False,false,2.0,MONTH,300g,[],https://courses.monoprix.fr/images-v3/0c44253f-c4a3-4340-9d37-d41e42b9d14a/83d78674-baf2-490c-9faa-81323d2ba79d/300x300.jpg
Pain et Viennoiserie,aa94fb4f-cf49-4084-be59-7da54ae78df6,MPX_6609491,Atelier Georget Brownie 85G,2.5,29.41,"['Pain et Viennoiserie', 'Pâtisserie et dessert', 'Pâtisserie et dessert']",HAFNER,True,False,false,5.0,DAY,85g,[],https://courses.monoprix.fr/images-v3/0c44253f-c4a3-4340-9d37-d41e42b9d14a/dc0a57d8-cdb3-4eb2-8ff6-0179f0f7d003/300x300.jpg
Pain et Viennoiserie,4730d959-b781-4818-b94e-43780afff316,MPX_799422,Monoprix 4 Muffins Blancs Recette Anglaise 250g,2.29,9.16,"['Nos sélections', 'Inspiration du moment', '& Notre sélection brunch', 'Pains']",Monoprix,True,False,false,1.0,WEEK,250g,[],https://courses.monoprix.fr/images-v3/0c44253f-c4a3-4340-9d37-d41e42b9d14a/8ea713d8-d43f-418c-b7dc-249969fdea65/300x300.jpg
Pain et Viennoiserie,2483e94f-3cd8-4079-91ba-5436454dad43,MPX_2924394,La Fournée Dorée Gâche tranchée au beurre et crème 500g,3.19,6.38,"['Pain et Viennoiserie', 'Pain au lait et Brioche', 'Gâche et Navette']",La fournee doree,True,False,false,1.0,WEEK,500g,['Produit vegan'],https://courses.monoprix.fr/images-v3/0c44253f-c4a3-4340-9d37-d41e42b9d14a/37e1cfa2-c0e5-4520-bec8-593f0d91f31b/300x300.jpg
Pain et Viennoiserie,1c2941c2-1ca3-4db3-b50f-b4eda6a9fb0b,MPX_2638809,Monoprix Bio Galettes De Riz Chocolat Noir 100G,1.99,19.9,"['Bio', 'Epicerie sucrée bio', 'Pain et Galette de riz bio', 'Galette de riz bio']",Monoprix Bio,True,False,false,2.0,MONTH,100g,['Produit bio'],https://courses.monoprix.fr/images-v3/0c44253f-c4a3-4340-9d37-d41e42b9d14a/8c2ff9a1-acb4-45ec-aee5-22ef141ee999/300x300.jpg
Pain et Viennoiserie,4d014935-9651-4db4-9aae-8440020abd7c,MPX_3292340,Harrys pain de mie extra moelleux nature sans sucres ajoutes sans additifs 280g,1.09,3.89,"['Pain et Viennoiserie', 'Pain de mie', 'Pain de mie nature']",Harrys,True,False,false,6.0,DAY,280g,[],https://courses.monoprix.fr/images-v3/0c44253f-c4a3-4340-9d37-d41e42b9d14a/030d9383-1ced-4b20-96e7-1d6a5b6e7df0/300x300.jpg
Pain et Viennoiserie,18a9b8d4-c412-4045-b646-48255a04c415,MPX_3172742,Bjorg Galettes Maïs Bio Sans Gluten 130g,1.85,14.23,"['Bio', 'Epicerie sucrée bio', 'Pain et Galette de riz bio', 'Galette de riz bio']",Bjorg,True,False,false,1.0,MONTH,130g,[],https://courses.monoprix.fr/images-v3/0c44253f-c4a3-4340-9d37-d41e42b9d14a/4cb234ad-b877-47cd-ab27-ada699426dd1/300x300.jpg
Pain et Viennoiserie,5e60f1a8-9b62-4e27-92eb-90ee53dcad8c,MPX_3525434,Krisprolls Petits Pains Complets 425G,3.95,9.29,"['Pain et Viennoiserie', 'Biscotte, Tartine et Galette de riz', 'Pain grillé et Tartine grillée']",Krisprolls,True,False,false,1.0,MONTH,425g,[],https://courses.monoprix.fr/images-v3/0c44253f-c4a3-4340-9d37-d41e42b9d14a/667d5b6e-f1f7-4a94-95d5-b3ae9d618f71/300x300.jpg
Pain et Viennoiserie,9e164453-186c-4aa1-9ffb-ec24f7b3b6cb,MPX_2699948,Monoprix Bio Galettes de Maïs Bio 110g,1.75,17.5,"['Bio', 'Epicerie sucrée bio', 'Pain et Galette de riz bio', 'Galette de riz bio']",Monoprix Bio,True,False,false,2.0,MONTH,100g,['Produit bio'],https://courses.monoprix.fr/images-v3/0c44253f-c4a3-4340-9d37-d41e42b9d14a/ca381865-36e3-447c-9b37-9ddbea8e1888/300x300.jpg
Pain et Viennoiserie,603b9bdf-f933-4502-9fc4-129976718e77,MPX_2438716,Brioche Pasquier - Croissants - x8 320g,2.55,7.97,"['Pain et Viennoiserie', 'Viennoiserie', 'Croissant']",Brioche Pasquier,True,False,false,1.0,WEEK,320g,[],https://courses.monoprix.fr/images-v3/0c44253f-c4a3-4340-9d37-d41e42b9d14a/cc09f77e-2a91-4b2e-8b0a-b0bfcc3c5d28/300x300.jpg
Pain et Viennoiserie,9de688a8-182e-4ebb-9aaa-d1bc830367b2,MPX_3292341,Harrys pain de mie extra moelleux nature sans sucres ajoutes sans additifs 500g,1.65,3.3,"['Pain et Viennoiserie', 'Pain de mie', 'Pain de mie nature']",Harrys,True,False,false,6.0,DAY,500g,[],https://courses.monoprix.fr/images-v3/0c44253f-c4a3-4340-9d37-d41e42b9d14a/512480c0-eb35-453a-bdf4-d9ccc6363a5a/300x300.jpg
Pain et Viennoiserie,f8bdc1e7-198a-4bd1-a03a-8398d07c9a2c,MPX_3525280,Harrys doowap brioches sans additifs aux pepites de chocolat x8,3.05,9.53,"['Pain et Viennoiserie', 'Pain au lait et Brioche', 'Brioche individuelle']",Doowap,True,False,false,2.0,WEEK,320g,[],https://courses.monoprix.fr/images-v3/0c44253f-c4a3-4340-9d37-d41e42b9d14a/5bac6bcb-ce68-4c03-89c9-f36edec2fc3a/300x300.jpg
Pain et Viennoiserie,8b066f68-cb0c-4b94-b86d-f3678a1d2545,MPX_2456601,Lu Heudebert Biscottes 96% de céréales 300g,1.65,5.5,"['Pain et Viennoiserie', 'Biscotte, Tartine et Galette de riz', 'Biscotte']",Heudebert,True,False,false,2.0,MONTH,300g,[],https://courses.monoprix.fr/images-v3/0c44253f-c4a3-4340-9d37-d41e42b9d14a/9734a8b2-5c9b-4f99-aabd-c2e9cfca4e3a/300x300.jpg
Pain et Viennoiserie,3e12be8b-d5de-4726-b913-2d7575dae457,MPX_3623068,Harrys Brioche Tressée Nature au Sucre 500g,3.59,7.18,"['Pain et Viennoiserie', 'Pain au lait et Brioche', 'Brioche tranchée et Brioche tressée']",Harrys,True,False,false,2.0,WEEK,500g,[],https://courses.monoprix.fr/images-v3/0c44253f-c4a3-4340-9d37-d41e42b9d14a/318a7c7f-3f70-495c-8a1c-79bccb968821/300x300.jpg
Pain et Viennoiserie,7dd2c0a0-3b3c-4bcc-acfb-74dd44fb3fc4,MPX_754,Lu Cracotte Biscottes au Froment 250g,1.89,7.56,"['Pain et Viennoiserie', 'Biscotte, Tartine et Galette de riz', 'Pain craquant, Cracotte et Cracker']",Cracotte,True,False,false,2.0,MONTH,250g,[],https://courses.monoprix.fr/images-v3/0c44253f-c4a3-4340-9d37-d41e42b9d14a/f983881b-f0f8-4830-8c31-68bf3aa6befc/300x300.jpg
Pain et Viennoiserie,989bb900-c9fd-4949-8dad-bfb304868888,MPX_1042373,Monoprix Pain de mie aux 7 céréales 550g,1.29,2.35,"['Nos sélections', 'Inspiration du moment', '& Sélection petit déjeuner', 'Pain, Viennoiserie et Céréales']",Monoprix,True,False,false,5.0,DAY,550g,[],https://courses.monoprix.fr/images-v3/0c44253f-c4a3-4340-9d37-d41e42b9d14a/623801a2-e750-408e-97f7-71b589ef64e1/300x300.jpg
Pain et Viennoiserie,42c5c1d8-54da-4b22-bef8-51a603672ad1,MPX_1684339,Monoprix Blinis 200g,1.32,6.6,"['Pain et Viennoiserie', 'Toast, Canapé et Blini', 'Blini']",Monoprix,True,False,false,1.0,WEEK,200g,[],https://courses.monoprix.fr/images-v3/0c44253f-c4a3-4340-9d37-d41e42b9d14a/4bac4c4b-f29c-4191-b403-a60f9acfc63c/300x300.jpg
Pain et Viennoiserie,ddf5d551-1dd6-4f51-87bb-dfdd0104a4fe,MPX_1386034,Brioche Pasquier - Pains au lait - x20 700g,3.55,5.07,"['Pain et Viennoiserie', 'Pain au lait et Brioche', 'Pain au lait']",Brioche Pasquier,True,False,false,1.0,WEEK,700g,[],https://courses.monoprix.fr/images-v3/0c44253f-c4a3-4340-9d37-d41e42b9d14a/958ebb89-a55f-4994-aa29-e2d299a0dfb1/300x300.jpg
Pain et Viennoiserie,3b8b3515-2f87-4ccd-be8f-af60149837c6,MPX_1772498,Monoprix Brioche Aux Œufs Frais Tranchée 500G,1.99,3.98,"['Pain et Viennoiserie', 'Pain au lait et Brioche', 'Brioche tranchée et Brioche tressée']",Monoprix,True,False,false,1.0,WEEK,500g,[],https://courses.monoprix.fr/images-v3/0c44253f-c4a3-4340-9d37-d41e42b9d14a/00815fe4-2139-434e-8798-03146c550f1c/300x300.jpg
Pain et Viennoiserie,8f249ff1-81a3-4fde-999f-d403d5c3d0a5,MPX_1684340,Monoprix Mini blinis 135g,1.19,8.81,"['Pain et Viennoiserie', 'Toast, Canapé et Blini', 'Blini']",Monoprix,True,False,false,1.0,WEEK,135g,[],https://courses.monoprix.fr/images-v3/0c44253f-c4a3-4340-9d37-d41e42b9d14a/bf07acf2-daa9-43e3-b74f-7d1c90cc849c/300x300.jpg
Pain et Viennoiserie,bc6983a8-230e-4575-9a51-3f7f7241f7f3,MPX_4110128,Harrys pain de mie extra moelleux complet sans sucres ajoutés sans additifs 280g,1.99,7.11,"['Pain et Viennoiserie', 'Pain de mie', 'Pain de mie nature']",Harrys,True,False,false,6.0,DAY,280g,[],https://courses.monoprix.fr/images-v3/0c44253f-c4a3-4340-9d37-d41e42b9d14a/0a21fbb2-94cd-4188-8aad-73bcf23fbe82/300x300.jpg
Pain et Viennoiserie,31ae7171-d9b2-4c32-922a-9d2dfc5e5559,MPX_1800501,Old El Paso Wraps De Blé Complet 350g,3.49,9.97,"['Produits du monde', 'Mexique - México', 'Tortilla et Wrap']",Old el paso,True,False,false,2.0,MONTH,350g,['Produit vegan'],https://courses.monoprix.fr/images-v3/0c44253f-c4a3-4340-9d37-d41e42b9d14a/03ffe9f1-20b6-4d1f-aa7e-bde5b62379b8/300x300.jpg
Pain et Viennoiserie,6f32a9b7-7860-48a6-ac88-ca33403bd6c2,MPX_3044287,Regent's Park muffins pur beurre x4 250g,3.59,14.36,"['Produits du monde', 'Royaume-Uni - UK', 'Biscuits, Confitures et Pâtes à tartiner']",REGENT'S PARK,True,False,false,1.0,WEEK,250g,[],https://courses.monoprix.fr/images-v3/0c44253f-c4a3-4340-9d37-d41e42b9d14a/366a29d3-6fb1-40a5-855d-6321144033c2/300x300.jpg
Pain et Viennoiserie,38f46e95-2e89-4812-a5e1-2d2a06b3a1f2,MPX_3670619,La Boulangère Pain de mie tranché aux graines de Lin et Tournesol 500g,2.59,5.18,"['Pain et Viennoiserie', 'Pain de mie', 'Pain de mie aux céréales']",La Boulangère,True,False,false,1.0,WEEK,500g,[],https://courses.monoprix.fr/images-v3/0c44253f-c4a3-4340-9d37-d41e42b9d14a/e8504d23-56c4-408b-bc00-a5fc999717cc/300x300.jpg
Pain et Viennoiserie,3eab5376-536b-4319-bc36-58152ede54c9,MPX_1253202,Wasa biscottes croustillantes léger 270g,1.99,7.37,"['Nos sélections', 'Nos marques du moment', 'Boutique Wasa']",Wasa,True,False,false,2.0,MONTH,270g,[],https://courses.monoprix.fr/images-v3/0c44253f-c4a3-4340-9d37-d41e42b9d14a/70a3f048-9ea1-46ea-a82f-1cb0d262d33e/300x300.jpg
Pain et Viennoiserie,74bfa490-68fe-4031-9516-129d530769a9,MPX_3525427,Harrys doowap brioches sans additifs aux pepites de chocolat au lait x8,3.05,9.53,"['Pain et Viennoiserie', 'Pain au lait et Brioche', 'Brioche individuelle']",Doowap,True,False,false,2.0,WEEK,320g,[],https://courses.monoprix.fr/images-v3/0c44253f-c4a3-4340-9d37-d41e42b9d14a/c491318d-4e29-4e6c-8ad8-91e8cec2c0a1/300x300.jpg
Pain et Viennoiserie,68987a38-beac-4a3a-ac98-e46d2dc0dc07,MPX_2587680,La Boulangère Pain de mie bio aux céréales 500g,3.25,6.5,"['Bio', 'Pain et Galette de riz bio', 'Pain et Biscotte bio']",La Boulangère,True,False,false,5.0,DAY,500g,['Produit bio'],https://courses.monoprix.fr/images-v3/0c44253f-c4a3-4340-9d37-d41e42b9d14a/3a4edd5c-d8c0-4d4b-90f3-ae6afc04b144/300x300.jpg
Pain et Viennoiserie,f8bc8d4a-f21e-4e31-899e-fad7ae414751,MPX_750,Lu Cracotte Biscottes fourées au Chocolat 200g,2.29,11.45,"['Nos sélections', 'Boutique Enfants', 'Pour le petit-déjeuner de vos enfants']",Cracotte,True,False,false,2.0,MONTH,200g,[],https://courses.monoprix.fr/images-v3/0c44253f-c4a3-4340-9d37-d41e42b9d14a/1b99fb8f-4d48-4a9f-939f-15cc9f3949ee/300x300.jpg
Pain et Viennoiserie,ea53cd55-a49f-4e67-b573-aeb0b5a05310,MPX_3166612,Monoprix Bio Galettes de Riz Fourrés 120g,2.99,24.92,"['Bio', 'Epicerie sucrée bio', 'Pain et Galette de riz bio', 'Galette de riz bio']",Monoprix Bio,True,False,false,2.0,MONTH,120g,['Produit bio'],https://courses.monoprix.fr/images-v3/0c44253f-c4a3-4340-9d37-d41e42b9d14a/46c9a9af-1e4c-43f0-b585-cbaa43bb211b/300x300.jpg
Pain et Viennoiserie,a97b1708-92c5-483e-9b0c-69ce73554a79,MPX_2120194,Monoprix Pain de mie complet Grand format 825g,1.99,2.41,"['Nos sélections', 'Inspiration du moment', '& Sélection gros formats', 'Pains et Viennoiserie']",Monoprix,True,False,false,1.0,WEEK,825g,[],https://courses.monoprix.fr/images-v3/0c44253f-c4a3-4340-9d37-d41e42b9d14a/0cb0d1f7-da09-453d-b67b-b5494a98edcd/300x300.jpg
Pain et Viennoiserie,d8d83a0c-aaa5-4632-a97f-8fd22ece284b,MPX_1726613,Monoprix Gourmet pain de mie aux céréales 500g,3.15,6.3,"['Nos sélections', 'Inspiration du moment', '& Sélection petit déjeuner', 'Pain, Viennoiserie et Céréales']",Monoprix Gourmet,True,False,false,6.0,DAY,500g,[],https://courses.monoprix.fr/images-v3/0c44253f-c4a3-4340-9d37-d41e42b9d14a/b15f08ef-0c17-4520-ba62-0be06f78fe9f/300x300.jpg
Pain et Viennoiserie,fbf5a605-5a5e-4148-adea-d8c5d6c4f7fa,MPX_2358,Lu Heudebert Biscottes 6 Céréales 300g,2.09,6.97,"['Pain et Viennoiserie', 'Biscotte, Tartine et Galette de riz', 'Biscotte']",Heudebert,True,False,false,1.0,MONTH,300g,[],https://courses.monoprix.fr/images-v3/0c44253f-c4a3-4340-9d37-d41e42b9d14a/21247896-840f-4d14-990a-ca9d105a89f9/300x300.jpg
Pain et Viennoiserie,64573eac-de76-4013-afce-3bb35ed73d7f,MPX_3045332,Brioche Pasquier - Pancakes - x10 350g,2.75,7.86,"['Pain et Viennoiserie', 'Burger et Pain du monde', 'Muffin et Pancake']",Brioche Pasquier,True,False,false,1.0,WEEK,350g,[],https://courses.monoprix.fr/images-v3/0c44253f-c4a3-4340-9d37-d41e42b9d14a/eeffc88b-0e8e-4e66-921c-e2d5c58ff325/300x300.jpg
Pain et Viennoiserie,26dcc0ab-a273-462e-8e67-52093a633a97,MPX_18667,Lu Heudebert Biscuits Apéritifs Crackers Nature 250g,1.85,7.4,"['Pain et Viennoiserie', 'Biscotte, Tartine et Galette de riz', 'Pain craquant, Cracotte et Cracker']",Heudebert,True,False,false,2.0,MONTH,250g,[],https://courses.monoprix.fr/images-v3/0c44253f-c4a3-4340-9d37-d41e42b9d14a/406ae97c-2238-43c6-9bab-e08ffcd255ce/300x300.jpg
Pain et Viennoiserie,78c3f717-1e1e-409c-9d0a-685f8662414e,MPX_1253204,Wasa biscottes croustillantes fibres 230g,1.89,8.22,"['Nos sélections', 'Nos marques du moment', 'Boutique Wasa']",Wasa,True,False,false,2.0,MONTH,230g,[],https://courses.monoprix.fr/images-v3/0c44253f-c4a3-4340-9d37-d41e42b9d14a/e9cc8ae9-96af-41a5-84ad-8bfe56a30736/300x300.jpg
Pain et Viennoiserie,f4ba3ea9-74db-49a9-af29-2ff373fae178,MPX_2133913,Atelier Blini Blinis Frais Au Blé Tendre 135G,2.29,16.96,"['Pain et Viennoiserie', 'Toast, Canapé et Blini', 'Blini']",Atelier Blini,True,False,false,1.0,WEEK,135g,['Produit végétarien'],https://courses.monoprix.fr/images-v3/0c44253f-c4a3-4340-9d37-d41e42b9d14a/51f3829d-9e70-4fca-8d01-e2d1858329c0/300x300.jpg
Pain et Viennoiserie,d5333cd6-a1b9-4636-8f1d-ba80a2267531,MPX_6602370,Monoprix Gourmet pain blé complet & avoine 500g,2.99,5.98,"['Noël', 'Menu des fêtes', 'Les Brioches et Pains festifs', 'Autres pains']",Monoprix Gourmet,True,False,false,4.0,WEEK,500g,[],https://courses.monoprix.fr/images-v3/0c44253f-c4a3-4340-9d37-d41e42b9d14a/a60c5093-a627-48ed-8370-9115c3ac2173/300x300.jpg
Pain et Viennoiserie,b7af7526-730c-4f4a-ac9f-b2c319fbabc7,MPX_6730047,Harrys American Sandwich Complet Maxi Format 900g,2.89,3.21,"['Pain et Viennoiserie', 'Pain de mie', 'Pain de mie complet']",Harrys,True,False,false,5.0,DAY,900g,[],https://courses.monoprix.fr/images-v3/0c44253f-c4a3-4340-9d37-d41e42b9d14a/179fee26-f229-443e-bb15-9a1ae6676604/300x300.jpg
Pain et Viennoiserie,97490ec2-5adf-4fa7-8b14-b87b5f7358a5,MPX_3173066,Bjorg Galettes Riz Complet Bio Sans Gluten 130g,1.75,13.46,"['Bio', 'Epicerie sucrée bio', 'Pain et Galette de riz bio', 'Galette de riz bio']",Bjorg,True,False,false,1.0,MONTH,130g,['Produit bio'],https://courses.monoprix.fr/images-v3/0c44253f-c4a3-4340-9d37-d41e42b9d14a/f6376eab-aa62-436b-a9ae-72b00cdea559/300x300.jpg
Pain et Viennoiserie,274cf1f6-ff53-461b-9574-e3273af06e51,MPX_6730046,Harrys American Sandwich Nature Maxi Format 825g,2.69,3.26,"['Pain et Viennoiserie', 'Pain de mie', 'Pain de mie nature']",Harrys,True,False,false,5.0,DAY,825g,[],https://courses.monoprix.fr/images-v3/0c44253f-c4a3-4340-9d37-d41e42b9d14a/499accf9-bf4f-4e06-a1e8-e4ffde8bdaf4/300x300.jpg
Pain et Viennoiserie,25830861-3293-411b-bca9-498e8a2841dc,MPX_2665429,Jardin Bio Tartines Sarrasin Gluten Free 150G,3.29,21.93,"['Bio', 'Pain et Galette de riz bio', 'Pain et Biscotte bio']",Léa Nature Jardin Bio,True,False,false,6.0,MONTH,150g,['Produit bio'],https://courses.monoprix.fr/images-v3/0c44253f-c4a3-4340-9d37-d41e42b9d14a/94f985d8-adf5-4c1d-8ac9-1e1085fc5c9f/300x300.jpg
Pain et Viennoiserie,76867117-a84a-4488-b44d-95397636c611,MPX_1992221,La boulangère tartines spécial campagne 450g,2.59,5.76,"['Pain et Viennoiserie', 'Pain et Baguette', 'Pain de Seigle et Pain de campagne']",La Boulangère,True,False,false,5.0,DAY,450g,[],https://courses.monoprix.fr/images-v3/0c44253f-c4a3-4340-9d37-d41e42b9d14a/05f98428-dd1b-4f58-978e-f8ea2cd9686d/300x300.jpg
Pain et Viennoiserie,10ea2bd4-4272-4c74-b4ae-402e7b936a2e,MPX_1625954,Monoprix Bio Pain Mie 500g,1.99,3.98,"['Bio', 'Pain et Galette de riz bio', 'Pain et Biscotte bio']",Monoprix Bio,True,False,false,5.0,DAY,500g,[],https://courses.monoprix.fr/images-v3/0c44253f-c4a3-4340-9d37-d41e42b9d14a/af0c02e7-4ff3-43d0-833b-a63707482343/300x300.jpg
Pain et Viennoiserie,59d1cdf1-3069-4017-96a4-64be28b2f559,MPX_3046970,Harrys Brioche Mini Tressée au sucre perlé x6 - 210g,2.59,12.33,"['Pain et Viennoiserie', 'Pain au lait et Brioche', 'Brioche individuelle']",Harrys,True,False,false,2.0,WEEK,210g,[],https://courses.monoprix.fr/images-v3/0c44253f-c4a3-4340-9d37-d41e42b9d14a/f486595c-3190-4286-a888-50ca71b2909e/300x300.jpg
Pain et Viennoiserie,e42b4082-f4fb-4a78-9aa9-933c38c7870f,MPX_342337,Lu Cracottes Biscottes Céréales Complètes 250g,2.49,9.96,"['Epicerie Sucrée', 'Céréale et Barre', 'Céréale et Barre bio']",Cracotte,True,False,false,2.0,MONTH,250g,[],https://courses.monoprix.fr/images-v3/0c44253f-c4a3-4340-9d37-d41e42b9d14a/01e0b0e5-ba32-42a4-806d-cc9c79d9cbd0/300x300.jpg
Pain et Viennoiserie,8d8d6378-38da-4b22-b85f-515ae4456736,MPX_1253209,Wasa biscottes croustillantes authentique 275g,2.45,8.91,"['Nos sélections', 'Nos marques du moment', 'Boutique Wasa']",Wasa,True,False,false,2.0,MONTH,275g,[],https://courses.monoprix.fr/images-v3/0c44253f-c4a3-4340-9d37-d41e42b9d14a/2a72e7f3-1f1b-4926-9a42-83eb1f45865d/300x300.jpg
Pain et Viennoiserie,6bd45013-16f4-4761-9fc5-dbd5663945e7,MPX_2292903,Monoprix Pain Maxi Hamburger x2 165g,1.29,7.82,"['Nos recettes', 'Recettes du Monde', '& Le burger facile']",Monoprix,True,False,false,2.0,WEEK,165g,[],https://courses.monoprix.fr/images-v3/0c44253f-c4a3-4340-9d37-d41e42b9d14a/87a94ca8-d240-4fa8-8f82-a72cf8ef392f/300x300.jpg
Pain et Viennoiserie,9bd8eae0-a0dd-4708-a154-dc6314fc50ac,MPX_3549672,Harrys pain de mie nature sans croute sans sucres ajoutés 500g,2.99,5.98,"['Pain et Viennoiserie', 'Pain de mie', 'Pain de mie sans croûte']",Harrys,True,False,false,5.0,DAY,500g,[],https://courses.monoprix.fr/images-v3/0c44253f-c4a3-4340-9d37-d41e42b9d14a/fe1f2817-8d43-4a81-9c74-24d7355c0da8/300x300.jpg
Pain et Viennoiserie,07ac7ab3-1a4f-4878-a4a8-a4b52c696fa5,MPX_1755238,Monoprix Pain De Mie Sans Croûte 500G,1.75,3.5,"['Nos sélections', 'Boutique Enfants', 'Pour le goûter de vos enfants', 'Biscuit et Goûter']",Monoprix,True,False,false,5.0,DAY,500g,[],https://courses.monoprix.fr/images-v3/0c44253f-c4a3-4340-9d37-d41e42b9d14a/2c7fbf86-e835-4038-a2e3-010d7678dcea/300x300.jpg
Pain et Viennoiserie,bc49de80-80a2-4307-9882-37b14ba38171,MPX_4218688,Monoprix Bio Pain De Mie Complet 500g,2.29,4.58,"['Bio', 'Pain et Galette de riz bio', 'Pain et Biscotte bio']",Monoprix Bio,True,False,false,6.0,DAY,500g,['Produit bio'],https://courses.monoprix.fr/images-v3/0c44253f-c4a3-4340-9d37-d41e42b9d14a/8729dd69-9587-46a8-b210-242a55887a32/300x300.jpg
Pain et Viennoiserie,26111da8-a16d-48af-a69e-506d3ec91b14,MPX_2453891,Monoprix Pains Hot Dog 250G,1.89,7.56,"['Nos sélections', 'Inspiration du moment', '& Barbecue', 'Epicerie salée']",Monoprix,True,False,false,2.0,WEEK,250g,[],https://courses.monoprix.fr/images-v3/0c44253f-c4a3-4340-9d37-d41e42b9d14a/6a3e7ea2-d5dd-45bc-86ae-763b729bc9f1/300x300.jpg
Pain et Viennoiserie,5c914577-2e46-46c9-8a8a-ed9b9972be60,MPX_3266502,REGENT'S PARK 4 petits scones anglais 240g,4.69,19.54,"['Produits du monde', 'Royaume-Uni - UK', 'Biscuits, Confitures et Pâtes à tartiner']",Regent's park,True,False,false,1.0,WEEK,240g,[],https://courses.monoprix.fr/images-v3/0c44253f-c4a3-4340-9d37-d41e42b9d14a/8c828c24-241a-4cbf-b293-9aa3874655a4/300x300.jpg
Pain et Viennoiserie,e32e7ce3-849d-495e-9de4-e14d44421640,MPX_1038764,La Boulangère 4 baguettes viennoises nature 340g,1.99,5.85,"['Pain et Viennoiserie', 'Burger et Pain du monde', 'Pain hot-dog']",La Boulangère,True,False,false,5.0,DAY,340g,[],https://courses.monoprix.fr/images-v3/0c44253f-c4a3-4340-9d37-d41e42b9d14a/a58f226c-dfe4-4952-b8c7-09c4bd680e53/300x300.jpg
Pain et Viennoiserie,451b77ad-2e78-4933-9bff-7b1477f88e5e,MPX_3045333,Brioche Pasquier - Briochettes x12 - 480g,2.99,6.23,"['Pain et Viennoiserie', 'Pain au lait et Brioche', 'Brioche individuelle']",Brioche Pasquier,True,False,false,1.0,WEEK,480g,[],https://courses.monoprix.fr/images-v3/0c44253f-c4a3-4340-9d37-d41e42b9d14a/4f5d9b83-ff02-40ed-8d0c-267b821cf414/300x300.jpg
Pain et Viennoiserie,a9bbf4b6-2b2f-460d-87c9-7a75e544c0ca,MPX_5693336,Pitch - Pitch brioche pépites de Chocolat - x8 300g,2.79,9.3,"['Pain et Viennoiserie', 'Pain au lait et Brioche', 'Brioche individuelle']",Pitch,True,False,false,1.0,WEEK,300g,[],https://courses.monoprix.fr/images-v3/0c44253f-c4a3-4340-9d37-d41e42b9d14a/6941b489-948b-4311-a4ef-19da02ce0f3a/300x300.jpg
Pain et Viennoiserie,c37550ed-87b0-4636-b77f-7f927090c0d7,MPX_2369,Lu Pelletier Biscottes Toast Brioché 150g,1.89,12.6,"['Pain et Viennoiserie', 'Toast, Canapé et Blini', 'Toast et Canapé']",PELLETIER,True,False,false,2.0,MONTH,150g,[],https://courses.monoprix.fr/images-v3/0c44253f-c4a3-4340-9d37-d41e42b9d14a/9cb18a1a-4043-4efe-b17c-0e11ede53472/300x300.jpg
Pain et Viennoiserie,c9f6cc02-defb-4ae8-9b29-692cbe245bb3,MPX_2160141,Monoprix 6 Pains Pita 400G,2.59,6.48,"['Nos recettes', 'Recettes du Monde', '& Poivron farcis']",Monoprix,True,False,false,2.0,WEEK,400g,[],https://courses.monoprix.fr/images-v3/0c44253f-c4a3-4340-9d37-d41e42b9d14a/98006211-8876-4234-8569-7f0ca109222f/300x300.jpg
Pain et Viennoiserie,0ddc5204-c729-43e5-b959-c5033f28496b,MPX_1786619,Jacquet Pains spéciaux pour hot dogs 240g,2.35,9.79,"['Nos sélections', 'Inspiration du moment', '& Barbecue', 'Epicerie salée']",Jacquet,True,False,false,3.0,WEEK,240g,['Produit vegan'],https://courses.monoprix.fr/images-v3/0c44253f-c4a3-4340-9d37-d41e42b9d14a/adecaa49-8fbc-4a77-b8bf-5756126bb57c/300x300.jpg
Pain et Viennoiserie,55ebcfe8-8ebd-4218-b229-5999651706b5,MPX_3306410,Krisprolls Petits Pains Grillés Suédois Dorés 425g,3.95,9.29,"['Pain et Viennoiserie', 'Biscotte, Tartine et Galette de riz', 'Pain grillé et Tartine grillée']",Krisprolls,True,False,false,1.0,MONTH,425g,[],https://courses.monoprix.fr/images-v3/0c44253f-c4a3-4340-9d37-d41e42b9d14a/2ddf98ee-760a-4577-a843-03a2b6b6ea14/300x300.jpg
Pain et Viennoiserie,eee02359-21d9-4d8b-9d1f-d532c5836221,MPX_1921541,Monoprix Pancakes au Lait et aux Œufs Frais 132g,2.65,20.08,"['Charcuterie et Traiteur', 'Pâtisserie et dessert', 'Pâtisserie et dessert']",Monoprix,True,False,false,6.0,DAY,132g,[],https://courses.monoprix.fr/images-v3/0c44253f-c4a3-4340-9d37-d41e42b9d14a/836dcc18-9ae5-40da-ba2b-8445e0b6f70b/300x300.jpg
Pain et Viennoiserie,516d61ef-b42a-45a9-a07a-1f2ef0420630,MPX_3405791,Pasquier petit Sandwich façon bretzel 6x45g,2.95,10.93,"['Pain et Viennoiserie', 'Burger et Pain du monde', 'Pain hot-dog']",Brioche Pasquier,True,False,false,1.0,WEEK,270g,[],https://courses.monoprix.fr/images-v3/0c44253f-c4a3-4340-9d37-d41e42b9d14a/bbdba371-9647-4cc8-8b31-91f44b89ff52/300x300.jpg
Pain et Viennoiserie,7de04a01-e7b0-411c-bd16-9de28229507b,MPX_1892680,Monoprix Gourmet Mini gâches &chocolat Belge x8,3.59,9.97,"['Pain et Viennoiserie', 'Pain au lait et Brioche', 'Gâche et Navette']",Monoprix Gourmet,True,False,false,1.0,WEEK,360g,[],https://courses.monoprix.fr/images-v3/0c44253f-c4a3-4340-9d37-d41e42b9d14a/381d188d-2f46-43ec-b611-e0d60164868d/300x300.jpg
Pain et Viennoiserie,71ed90b4-0415-43cd-8839-a8195d4dc08e,MPX_2810459,Jacquet pain de mie complet 550g,2.29,4.16,"['Pain et Viennoiserie', 'Pain de mie', 'Pain de mie complet']",Jacquet,True,False,false,1.0,WEEK,550g,[],https://courses.monoprix.fr/images-v3/0c44253f-c4a3-4340-9d37-d41e42b9d14a/f3a75deb-2a9e-48a5-b853-feae0aabf02d/300x300.jpg
Pain et Viennoiserie,6a1cad3e-af6f-458f-8ac7-89b70470cf61,MPX_2360,Lu Heudebert Pleine Vie Biscottes Sans Sel 300g,2.09,6.97,"['Pain et Viennoiserie', 'Biscotte, Tartine et Galette de riz', 'Biscotte']",Heudebert,True,False,false,2.0,MONTH,300g,[],https://courses.monoprix.fr/images-v3/0c44253f-c4a3-4340-9d37-d41e42b9d14a/c53f6827-4f6f-41ad-9c0b-14ff7373145d/300x300.jpg
Pain et Viennoiserie,a20b8249-8bfa-4321-a5df-27d249572f2b,MPX_5693335,Pitch - Pitch brioche choco barre lait - x8 300g,3.49,11.63,"['Pain et Viennoiserie', 'Pain au lait et Brioche', 'Brioche individuelle']",Pitch,True,False,false,1.0,WEEK,300g,[],https://courses.monoprix.fr/images-v3/0c44253f-c4a3-4340-9d37-d41e42b9d14a/c1a20273-4ac1-4ecd-acb9-56f01dafd087/300x300.jpg
Pain et Viennoiserie,aca7634a-d2f3-4d45-9bf5-849910c88c60,MPX_5206660,Regent's Park Crumpets nature 330g,3.15,9.55,"['Epicerie Sucrée', 'Pain au lait et Brioche', 'Pain au lait']",Regent's park,True,False,false,1.0,WEEK,330g,[],https://courses.monoprix.fr/images-v3/0c44253f-c4a3-4340-9d37-d41e42b9d14a/49cf4a23-f64a-4ca3-a0da-1c0166f959cb/300x300.jpg
Pain et Viennoiserie,b558efbb-4f29-4b56-922f-7b745abef6f7,MPX_1292015,Monoprix Bio Galettes de riz Complet 115g,1.69,14.7,"['Bio', 'Epicerie sucrée bio', 'Pain et Galette de riz bio', 'Galette de riz bio']",Monoprix Bio,True,False,false,2.0,MONTH,115g,['Produit bio'],https://courses.monoprix.fr/images-v3/0c44253f-c4a3-4340-9d37-d41e42b9d14a/ea5ecc67-8beb-4521-900f-6241cf45d183/300x300.jpg
Pain et Viennoiserie,9fb2b4d5-85e3-46d5-8938-252b4a0bf05e,MPX_3292345,Harrys pain de mie 100% mie nature sans croute maxi sans additifs 650g,2.75,4.23,"['Pain et Viennoiserie', 'Pain de mie', 'Pain de mie nature']",Harrys,True,False,false,6.0,DAY,650g,[],https://courses.monoprix.fr/images-v3/0c44253f-c4a3-4340-9d37-d41e42b9d14a/ef9a5c35-5bd9-40b5-9135-de5d0e150b7d/300x300.jpg
Pain et Viennoiserie,c6281c0b-fcaf-4f61-a7b0-5e00472c14dc,MPX_3292347,Harrys Pain 100% Mie Complet Bio 325g,4.25,13.08,"['Bio', 'Pain et Galette de riz bio', 'Pain et Biscotte bio']",Harrys,True,False,false,1.0,WEEK,325g,['Produit bio'],https://courses.monoprix.fr/images-v3/0c44253f-c4a3-4340-9d37-d41e42b9d14a/507ad6f4-57a4-46ff-b4f8-784f1256608f/300x300.jpg
Pain et Viennoiserie,af89b6c1-2595-4fd5-a656-799b71921e18,MPX_3549674,Harrys beau & bon pain de mie complet lin tournesol sans additifs 320g,2.55,7.97,"['Pain et Viennoiserie', 'Pain de mie', 'Pain de mie aux céréales']",Harrys,True,False,false,6.0,DAY,320g,[],https://courses.monoprix.fr/images-v3/0c44253f-c4a3-4340-9d37-d41e42b9d14a/154bf593-990f-41a1-bbc1-cd3b3e8bdd09/300x300.jpg
Pain et Viennoiserie,d1c12f42-08a2-4114-9e2a-0df7670e777a,MPX_2864476,Brioche vendéenne Pur Beurre aux œufs Label Rouge 600g,4.55,7.58,"['Pain et Viennoiserie', 'Pain au lait et Brioche', 'Brioche tranchée et Brioche tressée']",-,True,False,false,6.0,DAY,600g,[],https://courses.monoprix.fr/images-v3/0c44253f-c4a3-4340-9d37-d41e42b9d14a/36388891-5dd6-49df-8e66-4a2dcf128155/300x300.jpg
Pain et Viennoiserie,50438587-3674-43d8-9e08-fa371c12323a,MPX_3525433,Krisprolls Petits Pains Complets sans sucres ajoutés 240g,2.75,11.46,"['Pain et Viennoiserie', 'Biscotte, Tartine et Galette de riz', 'Pain grillé et Tartine grillée']",Krisprolls,True,False,false,1.0,MONTH,240g,[],https://courses.monoprix.fr/images-v3/0c44253f-c4a3-4340-9d37-d41e42b9d14a/54ffe539-9e7c-4226-90bd-ddeddc383428/300x300.jpg
Pain et Viennoiserie,874c6ade-12bc-44ca-bcfb-8b9cbd477682,MPX_3512439,Brioche Pasquier - Pains au lait bio - x8 280g,2.85,10.18,"['Pain et Viennoiserie', 'Pain au lait et Brioche', 'Pain au lait']",Brioche Pasquier,True,False,false,1.0,WEEK,280g,['Produit bio'],https://courses.monoprix.fr/images-v3/0c44253f-c4a3-4340-9d37-d41e42b9d14a/7ead8781-20d7-493e-be25-c9f1307c90be/300x300.jpg
Pain et Viennoiserie,e5619d1f-9c57-452b-af06-b481b5cacc46,MPX_1892679,Monoprix Gourmet Mini Gâches Nature 360G,3.29,9.14,"['Pain et Viennoiserie', 'Pain au lait et Brioche', 'Gâche et Navette']",Monoprix Gourmet,True,False,false,1.0,WEEK,360g,[],https://courses.monoprix.fr/images-v3/0c44253f-c4a3-4340-9d37-d41e42b9d14a/0a295579-cf1a-4fbd-b3e8-95f7c24c19a6/300x300.jpg
Pain et Viennoiserie,778d88ee-9de1-43f8-871f-7820739304d5,MPX_2687028,Monoprix Bio Pain Grillé Au Blé Complet 250g,2.65,10.6,"['Bio', 'Pain et Galette de riz bio', 'Pain et Biscotte bio']",Monoprix Bio,True,False,false,2.0,MONTH,250g,['Produit bio'],https://courses.monoprix.fr/images-v3/0c44253f-c4a3-4340-9d37-d41e42b9d14a/35fdd071-47b5-4c2c-b363-2350e3489108/300x300.jpg
Pain et Viennoiserie,e9cd1fc9-5575-45ce-8d2f-ebd061ade417,MPX_3551466,Monoprix Pain De Mie Nature Extra Moelleux 500G,1.19,2.38,"['Mes marques Monoprix', 'Monoprix', 'Epicerie sucrée', 'Pain et Viennoiserie']",Monoprix,True,False,false,1.0,WEEK,500g,[],https://courses.monoprix.fr/images-v3/0c44253f-c4a3-4340-9d37-d41e42b9d14a/0a9a7ed2-bf82-4597-9c41-ee8c760d69e8/300x300.jpg
Pain et Viennoiserie,37533dbd-649d-4db9-8554-b353c4401511,MPX_1921718,Lu Heudebert Biscottes goût Briochées 290g,2.39,8.24,"['Pain et Viennoiserie', 'Biscotte, Tartine et Galette de riz', 'Biscotte']",Pelletier,True,False,false,2.0,MONTH,290g,[],https://courses.monoprix.fr/images-v3/0c44253f-c4a3-4340-9d37-d41e42b9d14a/1090a43b-74bb-473e-92fd-11517e56fadb/300x300.jpg
Pain et Viennoiserie,b24610e3-a3ac-43a1-9667-46a7c64c5cc8,MPX_4337724,Monoprix Gourmet Gâche Tranchée Pur Beurre Crème Fraiche 450G,3.39,7.53,"['Pain et Viennoiserie', 'Pain au lait et Brioche', 'Brioche tranchée et Brioche tressée']",Monoprix Gourmet,True,False,false,1.0,WEEK,450g,[],https://courses.monoprix.fr/images-v3/0c44253f-c4a3-4340-9d37-d41e42b9d14a/b1f86a0e-2475-4a4d-b5f4-81f1e1e1eaf5/300x300.jpg
Pain et Viennoiserie,e8cac735-f4db-451e-a0ec-d0060ac31153,MPX_5186412,Jacquet Classic burger nature sans additif x6 350g,1.85,5.29,"['Pain et Viennoiserie', 'Burger et Pain du monde', 'Pain burger']",Jacquet,True,False,false,2.0,WEEK,350g,[],https://courses.monoprix.fr/images-v3/0c44253f-c4a3-4340-9d37-d41e42b9d14a/5fa6e233-ebdc-4e00-9289-53ec637a2388/300x300.jpg
Pain et Viennoiserie,b862685f-038a-445e-9f23-7f17e7cb9d87,MPX_2810460,Jacquet Pain De Mie Sans Sucre Ajouté 550G,2.15,3.91,"['Pain et Viennoiserie', 'Pain de mie', 'Pain de mie nature']",Jacquet,True,False,false,1.0,WEEK,550g,[],https://courses.monoprix.fr/images-v3/0c44253f-c4a3-4340-9d37-d41e42b9d14a/718e1f7f-62c4-4cbe-ab8e-e73f4023ee28/300x300.jpg
Pain et Viennoiserie,78cfb2f3-c9b8-4dbb-b2bc-3aa81e6bdcb9,MPX_2713856,Jacquet Fines Tartines au Seigle 500g,2.89,5.78,"['Pain et Viennoiserie', 'Pain et Baguette', 'Pain de Seigle et Pain de campagne']",Jacquet,True,False,false,1.0,WEEK,500g,['Produit végétarien'],https://courses.monoprix.fr/images-v3/0c44253f-c4a3-4340-9d37-d41e42b9d14a/31aaca2b-61be-4765-9ebd-4a787c4ad776/300x300.jpg
Pain et Viennoiserie,e8db8c59-e33e-437a-8f36-f685f1dae6ba,MPX_1338618,Lu Pelletier Pain grillé Blé Complet 500g,2.75,5.5,"['Pain et Viennoiserie', 'Biscotte, Tartine et Galette de riz', 'Pain grillé et Tartine grillée']",Pelletier,True,False,false,1.0,MONTH,500g,[],https://courses.monoprix.fr/images-v3/0c44253f-c4a3-4340-9d37-d41e42b9d14a/33f6808d-3846-43d4-a3cd-0c00af7c6f3b/300x300.jpg
Pain et Viennoiserie,f18dff1b-d8bf-47a9-b799-972000478b36,MPX_1526182,La Boulangère Pain de Mie Toastiligne Complet 500g,1.99,3.98,"['Pain et Viennoiserie', 'Pain de mie', 'Pain de mie complet']",La Boulangère,True,False,false,1.0,WEEK,500g,['Produit végétarien'],https://courses.monoprix.fr/images-v3/0c44253f-c4a3-4340-9d37-d41e42b9d14a/f0d6c7cc-e438-47a6-a29b-a3986831e274/300x300.jpg
Pain et Viennoiserie,e0ec460a-25b4-4246-9762-70c808b7c956,MPX_3366155,La Boulangère pain de mie complet bio 280g,2.29,8.18,"['Bio', 'Pain et Galette de riz bio', 'Pain et Biscotte bio']",La Boulangère,True,False,false,5.0,DAY,280g,['Produit bio'],https://courses.monoprix.fr/images-v3/0c44253f-c4a3-4340-9d37-d41e42b9d14a/4fb1257c-e6ab-4dc4-8db5-585e35fdec40/300x300.jpg
Pain et Viennoiserie,55257e56-4017-4563-a35e-c12db7354748,MPX_1346842,Monoprix Biscottes Au 6 Céréales 300G,1.35,4.5,"['Nos sélections', 'Inspiration du moment', '& Sélection petit déjeuner', 'Pain, Viennoiserie et Céréales']",Monoprix,True,False,false,2.0,MONTH,300g,[],https://courses.monoprix.fr/images-v3/0c44253f-c4a3-4340-9d37-d41e42b9d14a/81c14df2-5e56-4ee6-be0a-c2a4cc5835ff/300x300.jpg
Pain et Viennoiserie,fe0a60ba-a14d-408a-9c63-f09c61d58f6d,MPX_2849655,Blini 16 Blinis Cocktails 135g,1.99,14.74,"['Pain et Viennoiserie', 'Toast, Canapé et Blini', 'Blini']",Blini,True,False,false,1.0,WEEK,135g,[],https://courses.monoprix.fr/images-v3/0c44253f-c4a3-4340-9d37-d41e42b9d14a/b8663a18-a3ac-472e-83c4-71abb462d453/300x300.jpg
Pain et Viennoiserie,8e4cf968-ebd2-4f2e-b003-4bb76390b94b,MPX_2456598,Lu Pelletier Pain grillé au Froment 500g,2.95,5.9,"['Pain et Viennoiserie', 'Biscotte, Tartine et Galette de riz', 'Pain grillé et Tartine grillée']",Pelletier,True,False,false,1.0,MONTH,500g,['Produit vegan'],https://courses.monoprix.fr/images-v3/0c44253f-c4a3-4340-9d37-d41e42b9d14a/a2c0efd7-4fa9-460e-b0ca-d3d640a84462/300x300.jpg
Pain et Viennoiserie,396d4299-0148-429e-8d20-3910b698feb4,MPX_2187553,"Bjorg Galettes Maïs Chocolat Noir, Bio 95G",3.89,40.95,"['Bio', 'Pain et Galette de riz bio', 'Galette de riz bio']",Bjorg,True,False,false,1.0,MONTH,95g,[],https://courses.monoprix.fr/images-v3/0c44253f-c4a3-4340-9d37-d41e42b9d14a/c995e847-2e88-4747-bc36-352d8455effa/300x300.jpg
Pain et Viennoiserie,77d2c187-5a2c-4177-be6c-6518961ea82e,MPX_1878314,Monoprix Bio Pain De Seigle Complet Vollkornbrot 500G,2.55,5.1,"['Bio', 'Pain et Galette de riz bio', 'Pain et Biscotte bio']",Monoprix Bio,True,False,false,1.0,MONTH,500g,['Produit bio'],https://courses.monoprix.fr/images-v3/0c44253f-c4a3-4340-9d37-d41e42b9d14a/b6917431-7486-4d0d-8622-2440b5de897c/300x300.jpg
Pain et Viennoiserie,440df06e-6784-472b-9d34-38ab081dc7e6,MPX_2120196,Monoprix Pain de mie complet sans croûte 500g,1.99,3.98,"['Mes marques Monoprix', 'Monoprix', 'Epicerie sucrée', 'Pain et Viennoiserie']",Monoprix,True,False,false,5.0,DAY,500g,[],https://courses.monoprix.fr/images-v3/0c44253f-c4a3-4340-9d37-d41e42b9d14a/af0c3362-f40d-4a3c-8c31-45f5e4aaa187/300x300.jpg
Pain et Viennoiserie,6cc925f5-8f1d-44a1-aa60-b84baa20e12f,MPX_735695,Monoprix Craquelins au Son d'Avoine 200g,2.45,12.25,"['Nos recettes', 'Recettes Végétariennes', '& Petits chèvres frais panés']",Monoprix,True,False,false,1.0,MONTH,200g,[],https://courses.monoprix.fr/images-v3/0c44253f-c4a3-4340-9d37-d41e42b9d14a/c687c86f-fc9d-4f58-b179-748bf8c5cb7d/300x300.jpg
Pain et Viennoiserie,47dd90a0-8f6f-4416-8cb9-01dbc93ba8eb,MPX_3525431,Krisprolls Petits Pains Suédois Complets 425G,3.95,9.29,"['Pain et Viennoiserie', 'Biscotte, Tartine et Galette de riz', 'Biscotte']",Krisprolls,True,False,false,1.0,MONTH,425g,[],https://courses.monoprix.fr/images-v3/0c44253f-c4a3-4340-9d37-d41e42b9d14a/0f961859-1ba5-49c7-9732-0eb1f234c662/300x300.jpg
Pain et Viennoiserie,718f20a8-4bfc-46c1-9599-a641c19a6c2c,MPX_12973,Bjorg Pain Complet 3 Céréales Bio 500g,3.09,6.18,"['Bio', 'Pain et Galette de riz bio', 'Pain et Biscotte bio']",Bjorg,True,False,false,1.0,MONTH,500g,[],https://courses.monoprix.fr/images-v3/0c44253f-c4a3-4340-9d37-d41e42b9d14a/5105bcfd-fe92-4199-896c-7f6868810477/300x300.jpg
Pain et Viennoiserie,ce34c541-397f-40bc-a45a-1174eb8f70af,MPX_1401263,Monoprix Pains au lait x10&pépites de chocolat 350g,1.99,5.69,"['Pain et Viennoiserie', 'Pain au lait et Brioche', 'Pain au lait']",Monoprix,True,False,false,2.0,WEEK,350g,[],https://courses.monoprix.fr/images-v3/0c44253f-c4a3-4340-9d37-d41e42b9d14a/97e92950-acaf-4cee-9bf1-4ef9aace1d65/300x300.jpg
Pain et Viennoiserie,73ed425b-6334-441b-9630-0f57ef7c672a,MPX_2234260,Pagen Gifflar Brioches Roulées À La Cannelle 260G,4.25,16.35,"['Pain et Viennoiserie', 'Pain au lait et Brioche', 'Brioche individuelle']",GIFFLAR,True,False,false,2.0,WEEK,260g,[],https://courses.monoprix.fr/images-v3/0c44253f-c4a3-4340-9d37-d41e42b9d14a/66806772-95a6-4a81-a7bd-246306c1e49b/300x300.jpg
Pain et Viennoiserie,ed6a07d6-1b5e-4a0e-a259-e268699f6299,MPX_2007688,Bjorg Galettes De Maïs Au Chocolat Lait Bio 100G,4.25,42.5,"['Bio', 'Pain et Galette de riz bio', 'Galette de riz bio']",Bjorg,True,False,false,1.0,MONTH,100g,[],https://courses.monoprix.fr/images-v3/0c44253f-c4a3-4340-9d37-d41e42b9d14a/58040b26-a86a-4be9-b100-d483db9366b7/300x300.jpg
Pain et Viennoiserie,22debbbf-818d-40e9-a88d-97805aaaaa19,MPX_2480913,Bjorg Galettes Riz Chocolat Au Lait Bio 90G,4.25,47.22,"['Bio', 'Pain et Galette de riz bio', 'Galette de riz bio']",Bjorg,True,False,false,1.0,MONTH,90g,['Produit bio'],https://courses.monoprix.fr/images-v3/0c44253f-c4a3-4340-9d37-d41e42b9d14a/91c28bab-863a-482e-8f97-6af3ad76e9cf/300x300.jpg
Pain et Viennoiserie,4c630cba-d4a5-440b-954d-3cc6d37d9abb,MPX_1878011,Monoprix Bio toast aux 3 graines à l'huile d'olive 200g,3.95,19.75,"['Bio', 'Pain et Galette de riz bio', 'Pain et Biscotte bio']",Monoprix Bio,True,False,false,2.0,MONTH,200g,['Produit bio'],https://courses.monoprix.fr/images-v3/0c44253f-c4a3-4340-9d37-d41e42b9d14a/f92b101f-bcd9-482c-a28f-09ea829526bb/300x300.jpg
Pain et Viennoiserie,40e57e52-bdfa-4fc2-9010-5757d7b3a2bf,MPX_2664950,Brioche Pasquier - Pains au chocolat maxi familial - x16 720g,4.79,6.65,"['Pain et Viennoiserie', 'Viennoiserie', 'Pain au chocolat']",Brioche Pasquier,True,False,false,1.0,WEEK,720g,[],https://courses.monoprix.fr/images-v3/0c44253f-c4a3-4340-9d37-d41e42b9d14a/2b46c164-0c5d-4a56-9ad8-cf26db9eda8a/300x300.jpg
Pain et Viennoiserie,eb742351-0a20-48a0-a3aa-159e4de10013,MPX_1895023,Monoprix Bio Petits Pains Grillés Au Froment 225g,2.09,9.29,"['Bio', 'Pain et Galette de riz bio', 'Pain et Biscotte bio']",Monoprix Bio,True,False,false,2.0,MONTH,225g,['Produit bio'],https://courses.monoprix.fr/images-v3/0c44253f-c4a3-4340-9d37-d41e42b9d14a/45ac2bed-434f-41be-89d3-4ed92600c5f9/300x300.jpg
Pain et Viennoiserie,8b94074a-599b-4218-a622-c17c73fc962d,MPX_3487401,Jacquet Burgers création nature 260g,2.69,10.35,"['Pain et Viennoiserie', 'Burger et Pain du monde', 'Pain burger']",Jacquet,True,False,false,1.0,WEEK,260g,[],https://courses.monoprix.fr/images-v3/0c44253f-c4a3-4340-9d37-d41e42b9d14a/23e15df3-d921-4795-8169-9d692412bd2d/300x300.jpg
Pain et Viennoiserie,190d36cd-fea7-4c52-8009-65e0753ad930,MPX_6603871,La Fournée Dorée 4 brioch'burgers céréales 250g,2.29,9.16,"['Nos sélections', 'Inspiration du moment', '& Tout pour faire son burger', 'Pains à burger']",La Fournee Doree,True,False,false,2.0,WEEK,250g,[],https://courses.monoprix.fr/images-v3/0c44253f-c4a3-4340-9d37-d41e42b9d14a/e783753d-2c22-488d-b8e2-2bfd0d9c5408/300x300.jpg
Pain et Viennoiserie,fe3023ff-1374-4b3e-815a-eb0d2436dc25,MPX_2864382,Monoprix 4 Muffins Céréales Et Graines 250g,2.79,11.16,"['Mes marques Monoprix', 'Monoprix', 'Epicerie sucrée', 'Pain et Viennoiserie']",Monoprix,True,False,false,1.0,WEEK,250g,[],https://courses.monoprix.fr/images-v3/0c44253f-c4a3-4340-9d37-d41e42b9d14a/f309393f-3afd-4444-b283-c6956472d8ef/300x300.jpg
Pain et Viennoiserie,76931f5d-8618-4abd-8a13-5b0f021b8bd4,MPX_3858954,La Fournée Dorée Brioches Mini Burger 200g,2.75,13.75,"['Noël', 'Menu des fêtes', 'Les Brioches et Pains festifs', 'Toast, Canapé et Blini']",La fournee doree,True,False,false,1.0,WEEK,200g,[],https://courses.monoprix.fr/images-v3/0c44253f-c4a3-4340-9d37-d41e42b9d14a/457b3bfb-2ca8-4023-9dce-2779b66297c9/300x300.jpg
Pain et Viennoiserie,23b01e79-c2dc-40af-bed5-9d42f66738b3,MPX_4093838,Retn Park Bagel Multigraines 250g,4.65,18.6,"['Nos sélections', 'Inspiration du moment', '& Notre sélection brunch', 'Pains']",Regent's park,True,False,false,1.0,WEEK,250g,[],https://courses.monoprix.fr/images-v3/0c44253f-c4a3-4340-9d37-d41e42b9d14a/4e2b5070-99d3-49c3-bd80-f2655333e0b5/300x300.jpg
Pain et Viennoiserie,dba10758-b348-417b-af05-e953cd137bbc,MPX_3587460,Monoprix Bio Galettes De Lentilles Corail 100G,2.85,28.5,"['Bio', 'Epicerie sucrée bio', 'Pain et Galette de riz bio', 'Galette de riz bio']",Monoprix Bio,True,False,false,2.0,MONTH,100g,['Produit bio'],https://courses.monoprix.fr/images-v3/0c44253f-c4a3-4340-9d37-d41e42b9d14a/f7036002-8e88-47ae-88cc-637263e28d75/300x300.jpg
Pain et Viennoiserie,3ea4d482-5a63-4367-983e-3a984da28a01,MPX_3886379,Brioche Pasquier Brioche Tressée Tranchée pépites Chocolat 500g,2.29,4.58,"['Pain et Viennoiserie', 'Pain au lait et Brioche', 'Brioche tranchée et Brioche tressée']",Brioche Pasquier,True,False,false,1.0,WEEK,500g,[],https://courses.monoprix.fr/images-v3/0c44253f-c4a3-4340-9d37-d41e42b9d14a/2c83d65f-64bc-475c-b25b-61a796de5e32/300x300.jpg
Pain et Viennoiserie,411694b7-d6f9-4249-8fd0-83061444ba0f,MPX_2351827,Monoprix Croissants moelleux x10,2.39,5.98,"['Mes marques Monoprix', 'Monoprix', 'Epicerie sucrée', 'Pain et Viennoiserie']",Monoprix,True,False,false,1.0,WEEK,400g,[],https://courses.monoprix.fr/images-v3/0c44253f-c4a3-4340-9d37-d41e42b9d14a/d164413f-735c-408e-9d5b-bf4fc6f0a373/300x300.jpg
Pain et Viennoiserie,7ea232a5-dc71-4384-a99d-e2d9d3021fe0,MPX_1908359,Monoprix mini toasts grillés 100g,1.85,18.5,"['Pain et Viennoiserie', 'Toast, Canapé et Blini', 'Toast et Canapé']",Monoprix,True,False,false,2.0,MONTH,100g,[],https://courses.monoprix.fr/images-v3/0c44253f-c4a3-4340-9d37-d41e42b9d14a/ae9ca6d5-04e7-4794-a854-1975ffbc0fb0/300x300.jpg
Pain et Viennoiserie,31a0bb11-72b4-4062-8e73-a8fe618c7f2c,MPX_2440882,Monoprix Baguettes Viennoises 340G,1.59,4.68,"['Mes marques Monoprix', 'Monoprix', 'Epicerie sucrée', 'Pain et Viennoiserie']",Monoprix,True,False,false,1.0,WEEK,340g,[],https://courses.monoprix.fr/images-v3/0c44253f-c4a3-4340-9d37-d41e42b9d14a/6fa85146-6959-447e-a992-563f9e2b59e1/300x300.jpg
Pain et Viennoiserie,7e5ae065-f549-447c-b6a6-6d23d40993b1,MPX_3429130,La Boulangère Croissants Pur Beurre Bio 250G,3.09,12.88,"['Pain et Viennoiserie', 'Viennoiserie', 'Croissant']",La Boulangère,True,False,false,1.0,WEEK,240g,['Produit bio'],https://courses.monoprix.fr/images-v3/0c44253f-c4a3-4340-9d37-d41e42b9d14a/e1fee428-d05f-45e4-ba2a-b73fc4849a11/300x300.jpg
Pain et Viennoiserie,a94fff5e-0e77-417c-8092-d7df5ffea21b,MPX_3177059,La Boulangère Briochettes bizz éclats chocolat Bio 240g,2.45,10.21,"['Pain et Viennoiserie', 'Pain au lait et Brioche', 'Brioche individuelle']",La Boulangère,True,False,false,1.0,WEEK,240g,['Produit bio'],https://courses.monoprix.fr/images-v3/0c44253f-c4a3-4340-9d37-d41e42b9d14a/dd49b196-96c8-4db8-b0b7-7e453bc14efb/300x300.jpg
Pain et Viennoiserie,b877f1ac-50d1-41b2-bb08-d704b4636b86,MPX_2725340,Harrys pain de mie longue conservation nature sans croute 325g,2.59,7.97,"['Pain et Viennoiserie', 'Pain de mie', 'Pain de mie nature']",Harrys,True,False,false,2.0,WEEK,325g,[],https://courses.monoprix.fr/images-v3/0c44253f-c4a3-4340-9d37-d41e42b9d14a/1e0788b1-55f5-47a6-8ac2-233a62b370bb/300x300.jpg
Pain et Viennoiserie,cd131188-214b-486c-a432-9806035b6dbc,MPX_2379633,La boulangère 6 pains suédois 180g,2.69,14.94,"['Pain et Viennoiserie', 'Toast, Canapé et Blini', 'Toast et Canapé']",La Boulangère,True,False,false,2.0,WEEK,180g,[],https://courses.monoprix.fr/images-v3/0c44253f-c4a3-4340-9d37-d41e42b9d14a/e4193b94-dc08-4fc8-9556-b2269fbff088/300x300.jpg
Pain et Viennoiserie,db02b691-beb8-4374-a0b2-d3e662aacd4d,MPX_1528119,Bjorg Galettes De Riz Complet & Sésame Bio 130G,1.75,13.46,"['Bio', 'Epicerie sucrée bio', 'Pain et Galette de riz bio', 'Galette de riz bio']",Bjorg,True,False,false,1.0,MONTH,130g,['Produit bio'],https://courses.monoprix.fr/images-v3/0c44253f-c4a3-4340-9d37-d41e42b9d14a/b9a899d6-2fc5-4e70-9363-5a88f2f870c6/300x300.jpg
Pain et Viennoiserie,969db752-8ae7-4456-a438-5c9f1e367642,MPX_3292343,Harrys Pain de mie sans croute bio 325g,3.79,11.66,"['Bio', 'Pain et Galette de riz bio', 'Pain et Biscotte bio']",Harrys,True,False,false,1.0,WEEK,325g,['Produit bio'],https://courses.monoprix.fr/images-v3/0c44253f-c4a3-4340-9d37-d41e42b9d14a/e6bbeb62-35dd-4af1-8b44-95f03250f914/300x300.jpg
Pain et Viennoiserie,c5bb6017-cc9d-4fc7-8bef-eed671dbfe68,MPX_3525432,Krisprolls Petits Pains Dorés 240g,2.75,11.46,"['Pain et Viennoiserie', 'Biscotte, Tartine et Galette de riz', 'Pain grillé et Tartine grillée']",Krisprolls,True,False,false,1.0,MONTH,240g,[],https://courses.monoprix.fr/images-v3/0c44253f-c4a3-4340-9d37-d41e42b9d14a/a1b4eb8a-dae6-47fd-b996-b3f08b7d834d/300x300.jpg
Pain et Viennoiserie,45e15444-8ee9-4fa6-92b7-1ce3a39db581,MPX_5394944,Wasa biscottes croustillantes complet 260g,2.99,11.5,"['Nos sélections', 'Nos marques du moment', 'Boutique Wasa']",Wasa,True,False,false,2.0,MONTH,260g,[],https://courses.monoprix.fr/images-v3/0c44253f-c4a3-4340-9d37-d41e42b9d14a/d0d7c2a4-3f10-4ba2-9b57-2ec30129ebbe/300x300.jpg
Pain et Viennoiserie,4522daf7-6707-4932-9261-714e60d98de7,MPX_878380,Monoprix Bio Biscottes Complètes 300g,3.15,10.5,"['Bio', 'Pain et Galette de riz bio', 'Pain et Biscotte bio']",Monoprix Bio,True,False,false,2.0,MONTH,300g,['Produit bio'],https://courses.monoprix.fr/images-v3/0c44253f-c4a3-4340-9d37-d41e42b9d14a/a56f82f8-601b-461c-86c0-ce730b0c93b1/300x300.jpg
Pain et Viennoiserie,6782f684-52a3-4a66-a696-f78c5a56f3d3,MPX_2202443,Monoprix Wraps pains pour sandwiches originaux 370g,2.99,8.08,"['Mes marques Monoprix', 'Monoprix', 'Epicerie sucrée', 'Pain et Viennoiserie']",Monoprix,True,False,false,1.0,MONTH,370g,[],https://courses.monoprix.fr/images-v3/0c44253f-c4a3-4340-9d37-d41e42b9d14a/23c9a19c-7cf0-4505-a57e-755ce38573f5/300x300.jpg
Pain et Viennoiserie,9f992303-c95b-40be-a3e9-5ad29408dd8d,MPX_2428279,La Boulangère Pains au chocolat bio 270g,4.19,15.52,"['Bio', 'Pain et Galette de riz bio', 'Pain et Biscotte bio']",La Boulangère,True,False,false,1.0,WEEK,270g,['Produit bio'],https://courses.monoprix.fr/images-v3/0c44253f-c4a3-4340-9d37-d41e42b9d14a/d6f50c6b-7f41-4294-bfe9-e4321493b43f/300x300.jpg
Pain et Viennoiserie,bfe5363a-c62f-4735-aa5b-d275e59cd47d,MPX_756,Lu Cracottes Biscottes Gourmandes 250g,2.49,9.96,"['Pain et Viennoiserie', 'Biscotte, Tartine et Galette de riz', 'Pain craquant, Cracotte et Cracker']",CRACOTTE,True,False,false,2.0,MONTH,250g,[],https://courses.monoprix.fr/images-v3/0c44253f-c4a3-4340-9d37-d41e42b9d14a/1ac40023-38d8-4c6f-bf2e-0158e8c884e9/300x300.jpg
Pain et Viennoiserie,6d46c169-34f1-4ff3-ab39-44784cc96ac8,MPX_5723663,Pitch Brioche pépites Chocolat x12 450g,3.79,8.42,"['Pain et Viennoiserie', 'Pain au lait et Brioche', 'Pain au lait']",Brioche Pasquier,True,False,false,1.0,WEEK,450g,[],https://courses.monoprix.fr/images-v3/0c44253f-c4a3-4340-9d37-d41e42b9d14a/12bcecb9-d174-4241-89b6-7c0d73b3de83/300x300.jpg
Pain et Viennoiserie,ed2f6276-0c68-4f89-8a28-3c8ac3193f96,MPX_2601334,La Boulangère pains au chocolat x8 400g,3.35,8.38,"['Pain et Viennoiserie', 'Viennoiserie', 'Pain au chocolat']",La Boulangère,True,False,false,1.0,WEEK,400g,[],https://courses.monoprix.fr/images-v3/0c44253f-c4a3-4340-9d37-d41e42b9d14a/49fdc70a-e5de-4356-9d93-c8302b6dc07e/300x300.jpg
Pain et Viennoiserie,81e2ea77-8843-4b3b-89e2-ab3c1d6818c2,MPX_2751863,Sigdal Craquants À L'Avoine Sans Gluten 190G,5.79,30.47,"['Régimes alimentaires', 'Vegan', 'Pain vegan']",Sigdal,True,False,false,2.0,MONTH,190g,['Produit vegan'],https://courses.monoprix.fr/images-v3/0c44253f-c4a3-4340-9d37-d41e42b9d14a/ab60bb91-8c9a-4b17-b91b-f577556c31cc/300x300.jpg
Pain et Viennoiserie,4b932cfc-920e-4c86-946a-21eee0ec86c6,MPX_3279165,Monoprix Bio Pains Au Lait Pur Beurre & Œufs Frais 280G,3.09,11.04,"['Pain et Viennoiserie', 'Pain au lait et Brioche', 'Pain au lait']",Monoprix Bio,True,False,false,1.0,WEEK,280g,['Produit bio'],https://courses.monoprix.fr/images-v3/0c44253f-c4a3-4340-9d37-d41e42b9d14a/35d961da-3dcc-4a70-bba8-276d053f48aa/300x300.jpg
Pain et Viennoiserie,c3eec0bd-3c77-4bae-bc68-dae48d33c9ec,MPX_957382,Lu Heudebert Biscottes Fibre + 280g,3.09,11.04,"['Pain et Viennoiserie', 'Biscotte, Tartine et Galette de riz', 'Biscotte']",HEUDEBERT,True,False,false,2.0,MONTH,280g,['Produit vegan'],https://courses.monoprix.fr/images-v3/0c44253f-c4a3-4340-9d37-d41e42b9d14a/1f7a8c36-ae9b-4b47-b993-392b9ed9d792/300x300.jpg
Pain et Viennoiserie,46231a7f-28df-4f6f-a883-18dbfb6dcb88,MPX_5703475,Pitch - Pitch brioche chocolat - x8 300g,2.69,8.97,"['Pain et Viennoiserie', 'Pain au lait et Brioche', 'Brioche individuelle']",Pitch,True,False,false,1.0,WEEK,300g,[],https://courses.monoprix.fr/images-v3/0c44253f-c4a3-4340-9d37-d41e42b9d14a/f6c83825-499d-44ac-9407-aac9089a82bf/300x300.jpg
Pain et Viennoiserie,fff0c3b1-df21-428a-92f9-b2aa4398b1a8,MPX_2048625,Monoprix bio crackers fromage graines 200g,3.99,19.95,"['Bio', 'Pain et Galette de riz bio', 'Pain et Biscotte bio']",Monoprix Bio,True,False,false,1.0,MONTH,200g,['Produit bio'],https://courses.monoprix.fr/images-v3/0c44253f-c4a3-4340-9d37-d41e42b9d14a/7627346c-cb53-400f-bc30-78e2a0af0b1d/300x300.jpg
Pain et Viennoiserie,915a966f-6625-4647-a4cd-e84ec5facb0c,MPX_3046580,Le Ster pancakes au lait frais 280g,2.85,10.18,"['Pain et Viennoiserie', 'Burger et Pain du monde', 'Muffin et Pancake']",Le Ster,True,False,false,2.0,WEEK,280g,[],https://courses.monoprix.fr/images-v3/0c44253f-c4a3-4340-9d37-d41e42b9d14a/190ed647-4f37-4baf-a0cd-6772d7fa03f9/300x300.jpg
Pain et Viennoiserie,6bff7642-8c32-432b-b973-12063b69d7ec,MPX_3611235,Pasquier Grillettines Sans Sucre Ajoutés 255G,2.99,11.73,"['Pain et Viennoiserie', 'Biscotte, Tartine et Galette de riz', 'Pain grillé et Tartine grillée']",Grilletine,True,False,false,2.0,MONTH,255g,[],https://courses.monoprix.fr/images-v3/0c44253f-c4a3-4340-9d37-d41e42b9d14a/53bb8154-a12d-4c43-8fbf-f7405127e38a/300x300.jpg
Pain et Viennoiserie,abf6c07c-bd8a-4242-a3c7-512fe6d7d1aa,MPX_4197562,Gerblé Pain Complet au Sarrasin Sans Gluten & Sans Lactose 230g,4.95,20.63,"['Régimes alimentaires', 'Nutrition et Minceur', 'Smart Food']",Gerblé,True,False,false,2.0,MONTH,240g,[],https://courses.monoprix.fr/images-v3/0c44253f-c4a3-4340-9d37-d41e42b9d14a/185dcedd-9bb3-4e63-9a74-0e0455cfa4aa/300x300.jpg
Pain et Viennoiserie,87a76f96-c44b-4009-a1a2-e3051ea19b2a,MPX_1737385,Monoprix Pancakes x4 brunch breakfast & tea time 200g,1.99,9.95,"['Nos sélections', 'Inspiration du moment', '& Notre sélection brunch', 'Viennoiseries']",Monoprix,True,False,false,1.0,WEEK,200g,[],https://courses.monoprix.fr/images-v3/0c44253f-c4a3-4340-9d37-d41e42b9d14a/85e8f463-902b-47f5-9ea8-33403717a5eb/300x300.jpg
Pain et Viennoiserie,a7ee05e2-774a-4aad-aeea-8dc8de8ab4fd,MPX_3872723,Lu Cracottes Biscottes fourrées à la Fraise 200g,2.99,14.95,"['Pain et Viennoiserie', 'Biscotte, Tartine et Galette de riz', 'Pain craquant, Cracotte et Cracker']",CRACOTTE,True,False,false,1.0,MONTH,200g,[],https://courses.monoprix.fr/images-v3/0c44253f-c4a3-4340-9d37-d41e42b9d14a/46b7bd1c-6a7d-4c11-b365-2976d84dca0d/300x300.jpg
Pain et Viennoiserie,e1b7ee61-70e4-4df1-8ba4-2b16e208a8e6,MPX_174084,Le Brun Cidre Fermier Brut 75cl,4.09,5.45,"['Pain et Viennoiserie', 'Viennoiserie', 'Galette et Brioche des rois']",LE BRUN,True,False,false,,,75cl,[],https://courses.monoprix.fr/images-v3/0c44253f-c4a3-4340-9d37-d41e42b9d14a/ca418b7d-6dfb-4c66-8358-e247e53ea6c9/300x300.jpg
Pain et Viennoiserie,7607b836-74cb-4cbf-ad03-d3a481a59e09,MPX_2410438,Monoprix Blinis cocktail 135 g,1.85,13.7,"['Pain et Viennoiserie', 'Toast, Canapé et Blini', 'Blini']",Monoprix,True,False,false,1.0,WEEK,135g,[],https://courses.monoprix.fr/images-v3/0c44253f-c4a3-4340-9d37-d41e42b9d14a/0e681571-059e-449e-96e1-491530c7c56a/300x300.jpg
Pain et Viennoiserie,964c53e4-10d6-4456-ad72-09a993114c8e,MPX_6062563,Monoprix burger farine complète x2 - 165g,1.39,8.42,"['Pain et Viennoiserie', 'Burger et Pain du monde', 'Pain burger']",Monoprix,True,False,false,2.0,WEEK,165g,[],https://courses.monoprix.fr/images-v3/0c44253f-c4a3-4340-9d37-d41e42b9d14a/6233580d-a812-446c-b326-283790f6c73f/300x300.jpg
Pain et Viennoiserie,8fe3455e-4669-405f-8dfc-a40db7cc6fac,MPX_3959358,Monoprix Bio Tartines croustillantes Seigle 200g,1.79,8.95,"['Bio', 'Pain et Galette de riz bio', 'Pain et Biscotte bio']",Monoprix Bio,True,False,false,2.0,MONTH,200g,['Produit bio'],https://courses.monoprix.fr/images-v3/0c44253f-c4a3-4340-9d37-d41e42b9d14a/1bd0b2e8-6383-4cce-94a9-cc3d6b8d06d0/300x300.jpg
Pain et Viennoiserie,668a3957-2d90-4856-828e-713f9e2839fb,MPX_3279164,Monoprix Bio Brioche Tranchée & Œufs Frais 400G,3.99,9.98,"['Pain et Viennoiserie', 'Pain au lait et Brioche', 'Brioche tranchée et Brioche tressée']",Monoprix Bio,True,False,false,1.0,WEEK,400g,['Produit bio'],https://courses.monoprix.fr/images-v3/0c44253f-c4a3-4340-9d37-d41e42b9d14a/d9ad1205-60da-47e9-b089-4ca25f2ae2e8/300x300.jpg
Pain et Viennoiserie,2af3ad0a-2343-4e95-bf95-be8c4ff62356,MPX_3587650,Sigdal Craquants aux Graines de courge 190g,4.09,21.53,"['Pain et Viennoiserie', 'Biscotte, Tartine et Galette de riz', 'Galette de riz et Autres']",Sigdal ,True,False,false,2.0,MONTH,190g,[],https://courses.monoprix.fr/images-v3/0c44253f-c4a3-4340-9d37-d41e42b9d14a/0fea23a7-d39d-411a-91c6-97c6306717b7/300x300.jpg
Pain et Viennoiserie,3185b46b-a9ed-46c0-99d0-187a0c8ace86,MPX_1787482,Lu Heudebert Biscottes goût Brioché 260g,3.19,12.27,"['Pain et Viennoiserie', 'Biscotte, Tartine et Galette de riz', 'Biscotte']",PELLETIER,True,False,false,1.0,MONTH,260g,[],https://courses.monoprix.fr/images-v3/0c44253f-c4a3-4340-9d37-d41e42b9d14a/0304e9cc-4b68-467b-8c3c-d5b49bc401b3/300x300.jpg
Pain et Viennoiserie,11e86ad0-a01b-4434-a3c1-4eed3c822822,MPX_2864493,Brioche Vendéenne Tressée Label Rouge 300g,3.4,11.33,"['Pain et Viennoiserie', 'Pain au lait et Brioche', 'Brioche tranchée et Brioche tressée']",-,True,False,false,6.0,DAY,300g,[],https://courses.monoprix.fr/images-v3/0c44253f-c4a3-4340-9d37-d41e42b9d14a/029d58b6-6bae-4d99-925c-ee58a1deecbd/300x300.jpg
Pain et Viennoiserie,75a7fb82-2999-4d70-8af9-1ff20e0a6b6c,MPX_3443132,Jacquet Tartine P'Tit Dej Complet 410g,1.99,4.85,"['Pain et Viennoiserie', 'Pain de mie', 'Pain de mie complet']",Jacquet,True,False,false,1.0,WEEK,410g,[],https://courses.monoprix.fr/images-v3/0c44253f-c4a3-4340-9d37-d41e42b9d14a/bd70efb5-e19c-4a50-9520-61196318d412/300x300.jpg
Pain et Viennoiserie,3ff35781-76ef-4675-b499-f26629e3c575,MPX_4112493,La Boulangère Pain de Mie Avoine et Graines 500g,2.65,5.3,"['Pain et Viennoiserie', 'Pain de mie', 'Pain de mie aux céréales']",La Boulangère,True,False,false,1.0,WEEK,500g,[],https://courses.monoprix.fr/images-v3/0c44253f-c4a3-4340-9d37-d41e42b9d14a/e03532bf-c137-4da2-bd3a-c4c2a6878877/300x300.jpg
Pain et Viennoiserie,da914e98-4b4e-4125-9c08-1955f4912ace,MPX_4044069,La Boulangère Toastiligne Pain de Mie aux Céréales avec Croûte x12 500g,2.29,4.58,"['Pain et Viennoiserie', 'Pain de mie', 'Pain de mie aux céréales']",La Boulangère,True,False,false,1.0,WEEK,500g,[],https://courses.monoprix.fr/images-v3/0c44253f-c4a3-4340-9d37-d41e42b9d14a/db15a8bd-0a43-41c6-bd76-8b3aad740aee/300x300.jpg
Pain et Viennoiserie,b3878761-255a-49c3-9b42-fd9f86edf5b5,MPX_4093701,La Boulangère Pains au Lait Frais x10 350g,2.39,6.83,"['Pain et Viennoiserie', 'Pain au lait et Brioche', 'Pain au lait']",La Boulangère,True,False,false,1.0,WEEK,350g,[],https://courses.monoprix.fr/images-v3/0c44253f-c4a3-4340-9d37-d41e42b9d14a/25a812d8-fc43-4455-a3e3-70c5123605b7/300x300.jpg
Pain et Viennoiserie,e09f2b1f-3334-4470-8662-532c4e0bc307,MPX_3303573,Schär Maestro Céréale Pains Tranchés 300G,5.49,18.3,"['Bio', 'Pain et Galette de riz bio', 'Pain et Biscotte bio']",Schar,True,False,false,1.0,MONTH,300g,[],https://courses.monoprix.fr/images-v3/0c44253f-c4a3-4340-9d37-d41e42b9d14a/e5106d6d-7ac9-4111-b22f-96008dff311f/300x300.jpg
Pain et Viennoiserie,c87451fd-b115-4396-9429-8977d3f0713f,MPX_2876190,La Fournée Dorée 8 navettes 400g,3.15,7.88,"['Pain et Viennoiserie', 'Pain au lait et Brioche', 'Brioche individuelle']",La fournée dorée,True,False,false,1.0,WEEK,400g,[],https://courses.monoprix.fr/images-v3/0c44253f-c4a3-4340-9d37-d41e42b9d14a/86d149cb-3488-4f0f-8dff-208d0e2f36e3/300x300.jpg
Pain et Viennoiserie,12dd369b-6042-4ba2-bc9e-5ee8a0b58059,MPX_3973192,Monoprix Biscottes Au Froment 108 Tranches 900g,2.79,3.1,"['Nos sélections', 'Inspiration du moment', '& Frigo vide', 'Epicerie salée']",Monoprix,True,False,false,2.0,MONTH,900g,[],https://courses.monoprix.fr/images-v3/0c44253f-c4a3-4340-9d37-d41e42b9d14a/63a29aa8-19da-4123-96e4-e95e33c60b3e/300x300.jpg
Pain et Viennoiserie,b66f8a52-1a70-40de-9b90-b41d72f2c8dc,MPX_3525430,Krisprolls Petits Pains Suédois Complets 240g,2.75,11.46,"['Pain et Viennoiserie', 'Biscotte, Tartine et Galette de riz', 'Pain grillé et Tartine grillée']",Krisprolls,True,False,false,1.0,MONTH,240g,[],https://courses.monoprix.fr/images-v3/0c44253f-c4a3-4340-9d37-d41e42b9d14a/2a0f513a-d701-4a46-bc45-3af5294a4db3/300x300.jpg
Pain et Viennoiserie,c3278034-ddf0-4e04-b54a-ffc5bcc12365,MPX_3343697,Lu Heudebert Biscottes Blé Complet 280g,3.09,11.04,"['Pain et Viennoiserie', 'Biscotte, Tartine et Galette de riz', 'Biscotte']",HEUDEBERT,True,False,false,1.0,MONTH,280g,[],https://courses.monoprix.fr/images-v3/0c44253f-c4a3-4340-9d37-d41e42b9d14a/dda96fb0-52dc-48ce-bab4-fa54a8762af4/300x300.jpg
Pain et Viennoiserie,af678c55-262f-4231-8b43-b64481cdc92d,MPX_2687027,Monoprix Bio Biscottes au Germe de Blé 300g,3.35,11.17,"['Bio', 'Pain et Galette de riz bio', 'Pain et Biscotte bio']",Monoprix Bio,True,False,false,2.0,MONTH,300g,[],https://courses.monoprix.fr/images-v3/0c44253f-c4a3-4340-9d37-d41e42b9d14a/713deafc-6c88-4da0-865a-23f092b73a66/300x300.jpg
Pain et Viennoiserie,3e7e992f-a0de-4847-ad32-101ff528137d,MPX_6603874,Merci Mamie pains burgers artisanaux nature 2x 120g,2.49,10.38,"['Pain et Viennoiserie', 'Burger et Pain du monde', 'Pain burger']",Merci Mamie,True,False,false,1.0,WEEK,240g,[],https://courses.monoprix.fr/images-v3/0c44253f-c4a3-4340-9d37-d41e42b9d14a/15f1e33f-507d-4da7-9e8d-9f0c99fd6f8f/300x300.jpg
Pain et Viennoiserie,33772c87-c92b-42f7-b56d-e2ee78546d79,MPX_2438809,Monoprix Pains D'Épices 500G,2.79,5.58,"['Pain et Viennoiserie', 'Toast, Canapé et Blini', ""Pain d'épice""]",Monoprix,True,False,false,2.0,MONTH,500g,[],https://courses.monoprix.fr/images-v3/0c44253f-c4a3-4340-9d37-d41e42b9d14a/f4ad0bdd-8cd8-44f8-90a4-c434734e2524/300x300.jpg
Pain et Viennoiserie,db0a83e9-3400-482c-b2c9-a8ee2774b6a8,MPX_4002448,Jacquet Pain de Mie Crousti Moelleux Nature Sans Sucres Ajoutés 730g,2.89,3.96,"['Pain et Viennoiserie', 'Pain de mie', 'Pain de mie nature']",Jacquet,True,False,false,1.0,WEEK,730g,[],https://courses.monoprix.fr/images-v3/0c44253f-c4a3-4340-9d37-d41e42b9d14a/1d4c7580-3eb9-43e4-8226-c4797d5b53f7/300x300.jpg
Pain et Viennoiserie,01c9c756-a7a9-415e-88fc-258c1dad6cd4,MPX_12974,"Bjorg Pain Complet De Seigle, Prétranché, Bio 500G",3.49,6.98,"['Bio', 'Pain et Galette de riz bio', 'Pain et Biscotte bio']",Bjorg,True,False,false,2.0,MONTH,500g,[],https://courses.monoprix.fr/images-v3/0c44253f-c4a3-4340-9d37-d41e42b9d14a/794003c5-b053-4f47-a798-8289fd72fe26/300x300.jpg
Pain et Viennoiserie,e39c6901-765c-406d-9017-fab14b01219c,MPX_1247438,Monoprix Biscottes Très Pauvres En Sel 300G,1.75,5.83,"['Mes marques Monoprix', 'Monoprix', 'Epicerie sucrée', 'Pain et Viennoiserie']",Monoprix,True,False,false,2.0,MONTH,300g,[],https://courses.monoprix.fr/images-v3/0c44253f-c4a3-4340-9d37-d41e42b9d14a/8b356cbf-cd5a-4fd9-a7e3-897a1e2d5411/300x300.jpg
Pain et Viennoiserie,73b916be-e65f-44e8-8d66-2e29e0c0c4e4,MPX_1490559,Lu Heudebert Biscuits Apéritifs Crackers Blé Complet 250g,2.69,10.76,"['Pain et Viennoiserie', 'Biscotte, Tartine et Galette de riz', 'Pain craquant, Cracotte et Cracker']",HEUDEBERT,True,False,false,2.0,MONTH,250g,[],https://courses.monoprix.fr/images-v3/0c44253f-c4a3-4340-9d37-d41e42b9d14a/4f16ebc3-a0cb-4018-8650-d55b6f0a1c4c/300x300.jpg
Pain et Viennoiserie,13473686-73b6-44d1-97f8-41761e0a92e3,MPX_3753970,Monoprix Mini Toast Apéro Sésame 100g,2.09,20.9,"['Pain et Viennoiserie', 'Toast, Canapé et Blini', 'Toast et Canapé']",Monoprix,True,False,false,2.0,MONTH,100g,[],https://courses.monoprix.fr/images-v3/0c44253f-c4a3-4340-9d37-d41e42b9d14a/696796f1-2f7a-4ecb-ad8e-806f50709763/300x300.jpg
Pain et Viennoiserie,99b8712d-6b6c-4e8f-aa98-4885f44a32f6,MPX_2379634,4 Pains Panini 300G La Boulangere,2.59,8.63,"['Pain et Viennoiserie', 'Pain et Baguette', 'Pain pré-cuit']",La Boulangère,True,False,false,3.0,WEEK,300g,[],https://courses.monoprix.fr/images-v3/0c44253f-c4a3-4340-9d37-d41e42b9d14a/60428016-0e10-4a66-b204-afef939e9159/300x300.jpg
Pain et Viennoiserie,40626d1c-d145-47ba-8636-846ab6db87b4,MPX_6726535,Harry's American sandwich rustique sans sucres ajoutés 500g,2.79,5.58,"['Pain et Viennoiserie', 'Pain de mie', 'Pain de mie aux céréales']",Harrys,True,False,false,1.0,WEEK,500g,[],https://courses.monoprix.fr/images-v3/0c44253f-c4a3-4340-9d37-d41e42b9d14a/3d85cb4f-5ee4-40c6-a940-685ed0d4b789/300x300.jpg
Pain et Viennoiserie,9e1249b3-1e29-4e04-be24-38f8a0e055a5,MPX_1253704,Monoprix Petits Pains Grillés Au Blé Complet 225g,1.49,6.62,"['Mes marques Monoprix', 'Monoprix', 'Epicerie sucrée', 'Pain et Viennoiserie']",Monoprix,True,False,false,2.0,MONTH,225g,[],https://courses.monoprix.fr/images-v3/0c44253f-c4a3-4340-9d37-d41e42b9d14a/86d30dfb-1823-4cfa-a754-b3cde15f8e40/300x300.jpg
Parapharmacie,66d8f3e0-88fb-488c-9265-48e5c0f6be7d,MPX_1848091,[Para] Ducray Shampoing Extra Doux Dermo-Protecteur Pompe - 400ml,9.19,22.98,"['Parapharmacie', 'Capillaire', 'Shampoings']",DUCRAY,True,False,false,1.0,YEAR,400ml,[],https://courses.monoprix.fr/images-v3/0c44253f-c4a3-4340-9d37-d41e42b9d14a/a1807600-1515-486e-81e8-db4ad4c5df3b/300x300.jpg
Parapharmacie,3eff55a4-680f-4255-8238-6f20e61c8351,MPX_151354,[Para] Avène Eau Thermale en Spray Brumisateur 300ml,7.75,25.83,"['Parapharmacie', 'Corps et Bain', 'Eaux thermales']",EAU THERMALE AVENE,True,False,false,,,300ml,[],https://courses.monoprix.fr/images-v3/0c44253f-c4a3-4340-9d37-d41e42b9d14a/4ba16d23-2195-47e2-954a-c9cbc65eb51d/300x300.jpg
Parapharmacie,6e59b936-58ee-4db2-9845-5115bc42d462,MPX_2223597,[Para] Ducray Kelual DS Shampooing Traitant Antipelliculaire 100ml,14.9,149.0,"['Parapharmacie', 'Capillaire', 'Shampoings']",DUCRAY,True,False,false,1.0,YEAR,100ml,[],https://courses.monoprix.fr/images-v3/0c44253f-c4a3-4340-9d37-d41e42b9d14a/523172c1-1856-40e7-a19c-1bb4af16c282/300x300.jpg
Parapharmacie,bb1aa795-15c4-4733-b8ee-a9ee6d4d8f5e,MPX_2189443,[Para] Ducray Extra doux shampoing dermo-protecteur 200ml,5.99,29.95,"['Parapharmacie', 'Capillaire', 'Shampoings']",DUCRAY,True,False,false,1.0,YEAR,200ml,[],https://courses.monoprix.fr/images-v3/0c44253f-c4a3-4340-9d37-d41e42b9d14a/d43fa802-f0d8-47d9-ae3f-2a7154045d19/300x300.jpg
Parapharmacie,3da7eeed-ad44-4195-935c-554c4ece47b0,MPX_3342133,[Para] A-Derma Exomega Control Gel Lavant Emollient Anti-Grattage 2En1 Corps & Cheveux 500Ml,13.9,27.8,"['Parapharmacie', 'Corps et Bain', 'Douche et bain']",A-DERMA,True,False,false,,,500ml,[],https://courses.monoprix.fr/images-v3/0c44253f-c4a3-4340-9d37-d41e42b9d14a/9017fea0-0576-47c6-a2bf-f932ecf0df40/300x300.jpg
Parapharmacie,ab52998f-7904-472a-9c39-cf1e30ff8021,MPX_3404676,[Para] A-Derma Exomega Control Huile Lavante Emolliente Anti-Grattage 500ml,14.9,29.8,"['Parapharmacie', 'Corps et Bain', 'Douche et bain']",A-DERMA,True,False,false,,,500ml,[],https://courses.monoprix.fr/images-v3/0c44253f-c4a3-4340-9d37-d41e42b9d14a/209142b7-af3f-4433-b844-8046e66961f0/300x300.jpg
Parapharmacie,06538007-dd61-4180-8e0d-72821373fae6,MPX_3393437,[Para] Ducray Shampooing Redensifiant Volume Et Souplesse 200ml,14.9,74.5,"['Parapharmacie', 'Capillaire', 'Shampoings']",DUCRAY,True,False,false,1.0,YEAR,200ml,[],https://courses.monoprix.fr/images-v3/0c44253f-c4a3-4340-9d37-d41e42b9d14a/7dc44ffa-e193-4f8d-ac91-ada6f002426b/300x300.jpg
Parapharmacie,7031886e-b9fe-4724-9a9a-8feee0ae5ec1,MPX_3181503,[Para] A-Derma Exomega Control Baume Emollient Anti-Grattage 400ml,22.5,56.25,"['Parapharmacie', 'Corps et Bain', 'Hydratants et nourrissants']",A-DERMA,True,False,false,1.0,YEAR,400ml,[],https://courses.monoprix.fr/images-v3/0c44253f-c4a3-4340-9d37-d41e42b9d14a/47b66331-af19-4979-b4ac-a5b10cfad42e/300x300.jpg
Parapharmacie,4ca98670-c169-4bbd-8cf2-d6cfbcfe7f73,MPX_2153137,[Para] Bioderma Atoderm Surgras 1L,9.69,9.69,"['Parapharmacie', 'Corps et Bain', 'Douche et bain']",Bioderma,True,False,false,1.0,YEAR,1L,[],https://courses.monoprix.fr/images-v3/0c44253f-c4a3-4340-9d37-d41e42b9d14a/c39c965a-3abb-4861-960f-a0f4a5b02c3a/300x300.jpg
Parapharmacie,aaff58a7-afb6-45e0-ab8e-cbfb2e4dbd80,MPX_1041334,[Para] Bebisol Sérum Physiologique x40,4.09,20.45,"['Bébé', 'Puériculture et Accessoires Bébé', 'Allaitement, Sécurité et Petite Pharmacie']",BEBISOL,True,False,false,1.0,YEAR,200ml,[],https://courses.monoprix.fr/images-v3/0c44253f-c4a3-4340-9d37-d41e42b9d14a/98157c43-8493-4c2b-a3e1-e004defa1703/300x300.jpg
Parapharmacie,5daee9a0-aefe-4f29-8220-b957e1e1d10f,MPX_3766234,[Para] Waterwipes Lingettes bébé Lot 4x60,15.9,15.9,"['Parapharmacie', 'Bébé et Maman', 'Toilette bébé']",WATERWIPES,True,False,false,2.0,MONTH,,[],https://courses.monoprix.fr/images-v3/0c44253f-c4a3-4340-9d37-d41e42b9d14a/3fe510ee-7b6f-4ced-b913-878e2c3335b6/300x300.jpg
Parapharmacie,48342e62-6f98-4285-9072-626fbc8b810f,MPX_3177774,[Para] Fluocaril Dentifrice Menthe Bi-Fluoré 145mg Lot 2x75ml,7.09,47.27,"['Parapharmacie', 'Bucco-dentaire', 'Dentifrices']",Fluocaril,True,False,false,,,2 x 75ml,[],https://courses.monoprix.fr/images-v3/0c44253f-c4a3-4340-9d37-d41e42b9d14a/94b8b193-a13d-4244-b338-a2ced06a7b4d/300x300.jpg
Parapharmacie,af6ef738-b49f-4c04-ac7d-3def9ee043da,MPX_1253991,[Para] Bioderma Créaline H2O sans Parfum 2 x 500ml,19.5,19.5,"['Parapharmacie', 'Visage', 'Démaquillants et nettoyants visage']",Bioderma,True,False,false,1.0,YEAR,2 x 500ml,[],https://courses.monoprix.fr/images-v3/0c44253f-c4a3-4340-9d37-d41e42b9d14a/4cc08109-c7a4-4218-8193-2692ccd0af58/300x300.jpg
Parapharmacie,9fa4d486-41c9-47f5-96ca-c65e311adeb0,MPX_2875228,[Para] Mustela Gel Lavant Doux Corps et Cheveux à l'Avocat Vegan 500ml,8.55,17.1,"['Parapharmacie', 'Bébé et Maman', 'Toilette bébé']",Mustela,True,False,false,2.0,MONTH,500ml,[],https://courses.monoprix.fr/images-v3/0c44253f-c4a3-4340-9d37-d41e42b9d14a/eb69ca6e-6ab0-404f-ac01-6dee343d7da1/300x300.jpg
Parapharmacie,e241a335-fefe-4235-9b55-385229dcd162,MPX_2698809,[Para] Bioderma Atoderm Huile de Douche 1L,15.5,15.5,"['Parapharmacie', 'Corps et Bain', 'Douche et bain']",Bioderma,True,False,false,1.0,YEAR,1L,[],https://courses.monoprix.fr/images-v3/0c44253f-c4a3-4340-9d37-d41e42b9d14a/c73e901d-04a6-4b36-9a16-ca0901361f26/300x300.jpg
Parapharmacie,275b2b3d-db10-4e66-9b4f-7b10b3599f4f,MPX_3342677,[Para] Uriage Huile Lavante Sans Savon Visage & Corps 1L,11.9,11.9,"['Parapharmacie', 'Corps et Bain', 'Douche et bain']",Uriage,True,False,false,,,1L,[],https://courses.monoprix.fr/images-v3/0c44253f-c4a3-4340-9d37-d41e42b9d14a/c8f6bf42-48cc-4660-b40b-e60a3d66e973/300x300.jpg
Parapharmacie,99396359-ca25-4633-b567-7a655192b7d7,MPX_2875227,[Para] Mustela Eau Nettoyante Sans Rinçage à l'Avocat Vegan 500ml,8.55,17.1,"['Parapharmacie', 'Bébé et Maman', 'Toilette bébé']",Mustela,True,False,false,6.0,MONTH,500ml,[],https://courses.monoprix.fr/images-v3/0c44253f-c4a3-4340-9d37-d41e42b9d14a/7899996e-9a53-4d07-ba94-8586694a391c/300x300.jpg
Parapharmacie,f0de5899-ad9f-4cfe-9bd7-3b104475fe7d,MPX_4539,[Para] Stérimar solution nasale isotonique 100ml,6.29,62.9,"['Parapharmacie', 'Premiers soins', 'ORL']",STERIMAR,True,False,false,1.0,YEAR,100ml,[],https://courses.monoprix.fr/images-v3/0c44253f-c4a3-4340-9d37-d41e42b9d14a/f15959e0-1155-4b78-9af1-f9b9a36d91aa/300x300.jpg
Parapharmacie,569cbc0c-9a1c-494b-9fd6-88570849d1d0,MPX_2306012,[Para] Bioderma Créaline H2O Ar Eau Micellaire démaquillante 250ml,8.09,32.36,"['Parapharmacie', 'Visage', 'Démaquillants et nettoyants visage']",Bioderma,True,False,false,1.0,YEAR,250ml,[],https://courses.monoprix.fr/images-v3/0c44253f-c4a3-4340-9d37-d41e42b9d14a/ed27d8a4-475b-4e71-8d0f-4c62781c3252/300x300.jpg
Parapharmacie,4509a44f-050a-4c9c-afef-1604b6a09e79,MPX_2201841,[Para] Elmex Dentifrice junior 2x75ml,6.45,43.0,"['Parapharmacie', 'Bucco-dentaire', 'Dentifrices']",Elmex,True,False,false,6.0,MONTH,2 x 75ml,[],https://courses.monoprix.fr/images-v3/0c44253f-c4a3-4340-9d37-d41e42b9d14a/b49ac606-585e-489c-90b7-106e8ed4fcd6/300x300.jpg
Parapharmacie,825df124-33ed-4e3b-a0ea-0f3d7bf74828,MPX_3683151,[Para] La Roche Posay Lipikar AP+ Baume Relipidant Triple Reparation 400ml,21.9,54.75,"['Parapharmacie', 'Corps et Bain', 'Hydratants et nourrissants']",La Roche-Posay,True,False,false,1.0,YEAR,400ml,[],https://courses.monoprix.fr/images-v3/0c44253f-c4a3-4340-9d37-d41e42b9d14a/b01d2066-cd93-4db0-8730-fe1296857653/300x300.jpg
Parapharmacie,90059576-b40a-4439-bbe3-abd936813a75,MPX_3177773,[Para] Fluocaril Dentifrice Blancheur Bi-Fluoré 145mg 75ml,5.35,71.33,"['Parapharmacie', 'Bucco-dentaire', 'Dentifrices']",Fluocaril,True,False,false,,,75ml,[],https://courses.monoprix.fr/images-v3/0c44253f-c4a3-4340-9d37-d41e42b9d14a/58fe7644-abc0-4fb5-b445-6cdb6d85bcb4/300x300.jpg
Parapharmacie,21beabf3-e057-4765-950f-abe81c00f9d3,MPX_1946220,[Para] Bioderma Créaline H2O Eau Micellaire Démaquillante 100ml,3.99,39.9,"['Parapharmacie', 'Visage', 'Démaquillants et nettoyants visage']",Bioderma,True,False,false,1.0,YEAR,100ml,[],https://courses.monoprix.fr/images-v3/0c44253f-c4a3-4340-9d37-d41e42b9d14a/f6d9dc26-7179-41a8-84fd-b2073a504f5f/300x300.jpg
Parapharmacie,958683c4-17a7-4d3a-b884-88d2aeb1a6de,MPX_3623011,[Para] Klorane Bébé Lingettes Nettoyantes Douces Peau normale à sèche x70 Unités,3.89,8.74,"['Parapharmacie', 'Bébé et Maman', 'Toilette bébé']",KLORANE,True,False,false,1.0,YEAR,445ml,[],https://courses.monoprix.fr/images-v3/0c44253f-c4a3-4340-9d37-d41e42b9d14a/66e3f4db-3808-4992-85fd-1c79230d16b5/300x300.jpg
Parapharmacie,c6449224-aec1-4c90-b032-0176542e97b3,MPX_2023954,[Para] Rogé Cavaillès Gel Surgras Bain Douche L'Original Peaux Sensibles 1L,12.9,12.9,"['Parapharmacie', 'Corps et Bain', 'Douche et bain']",ROGE CAVAILLES,True,False,false,,,1L,[],https://courses.monoprix.fr/images-v3/0c44253f-c4a3-4340-9d37-d41e42b9d14a/98da8495-617c-4775-9f26-d62e0c7f1247/300x300.jpg
Parapharmacie,97e5a13d-4316-4b13-806b-5175e4e14a80,MPX_3233080,[Para] Elostoplast Pansements Universel x40,5.19,5.19,"['Parapharmacie', 'Premiers soins', 'Bobologie']",Elastoplast,True,False,false,6.0,MONTH,,[],https://courses.monoprix.fr/images-v3/0c44253f-c4a3-4340-9d37-d41e42b9d14a/a813b83e-cc33-417b-a31b-cb9c56085a81/300x300.jpg
Parapharmacie,131ef9d0-9829-4bfe-839d-82e31bc84162,MPX_345875,[Para] Embryolisse Lait-Crème Concentré Soin Hydratant Visage 75ml,19.9,265.33,"['Parapharmacie', 'Visage', 'Hydratants']",EMBRYOLISSE,True,False,false,1.0,YEAR,75ml,[],https://courses.monoprix.fr/images-v3/0c44253f-c4a3-4340-9d37-d41e42b9d14a/d22bb209-ab26-4d6f-893e-db518c5073d1/300x300.jpg
Parapharmacie,32f532b3-0e93-41e0-a4c4-4e2a5184cce3,MPX_5237278,[Para] Mustela Lingettes Nettoyantes x60,4.25,0.07,"['Parapharmacie', 'Nos marques de parapharmacie', 'Mustela']",Mustela,True,False,false,,,60 par pack,[],https://courses.monoprix.fr/images-v3/0c44253f-c4a3-4340-9d37-d41e42b9d14a/8b9339b3-86c3-4282-a5e1-42909e855549/300x300.jpg
Parapharmacie,5b4f2525-fc3c-453d-8c8f-6355e77eaf28,MPX_726776,[Para] Klorane Shampoing Extra Doux Avoine 400ml,11.5,28.75,"['Parapharmacie', 'Capillaire', 'Shampoings']",KLORANE,True,False,false,1.0,YEAR,400ml,[],https://courses.monoprix.fr/images-v3/0c44253f-c4a3-4340-9d37-d41e42b9d14a/fd615093-2230-42dc-9974-9be0e66dfe9f/300x300.jpg
Parapharmacie,569f2b15-4283-4fed-9c21-ee29b63da0f5,MPX_3177803,[Para] Fluocaril Dentifrice Junior 6-12 ans Fruits Rouges Lot 2x75ml,9.69,64.6,"['Parapharmacie', 'Bucco-dentaire', 'Enfant']",Fluocaril,True,False,false,1.0,YEAR,2 x 75ml,[],https://courses.monoprix.fr/images-v3/0c44253f-c4a3-4340-9d37-d41e42b9d14a/3fe19f26-a1d9-4565-9c1d-3421f65e5115/300x300.jpg
Parapharmacie,9ba621c2-b27e-4787-9922-b770c4b9f4ee,MPX_1542191,[Para] Avène Cicalfate+ Crème Réparatrice Protectrice 100ml,15.5,155.0,"['Parapharmacie', 'Visage', 'Acné et Imperfections']",EAU THERMALE AVENE,True,False,false,1.0,YEAR,100ml,[],https://courses.monoprix.fr/images-v3/0c44253f-c4a3-4340-9d37-d41e42b9d14a/5701b566-ac83-4d6f-b038-fe635d280a63/300x300.jpg
Parapharmacie,7daff4a1-b9e6-485f-9e0c-af3e8f29e626,MPX_2563280,[Para] Elmex Dentifrice enfant 2x50ml,4.79,47.9,"['Parapharmacie', 'Bucco-dentaire', 'Dentifrices']",Elmex,True,False,false,6.0,MONTH,2 x 50ml,[],https://courses.monoprix.fr/images-v3/0c44253f-c4a3-4340-9d37-d41e42b9d14a/c377db34-bda5-4b22-8ec8-8c74f78a3d52/300x300.jpg
Parapharmacie,f20a1f2a-260e-4ac1-9c73-bcff6e1fbd5c,MPX_2563279,[Para] Elmex Dentifrice Sensitive Professional 2x75ml,8.09,53.93,"['Parapharmacie', 'Bucco-dentaire', 'Dentifrices']",Elmex,True,False,false,1.0,YEAR,2 x 75ml,[],https://courses.monoprix.fr/images-v3/0c44253f-c4a3-4340-9d37-d41e42b9d14a/a254ce04-786e-44a6-9765-c75d453a2c38/300x300.jpg
Parapharmacie,ddca156e-e5d8-4971-8e25-4bf43cc03feb,MPX_2023953,[Para] Rogé Cavaillès Gel Surgras Bain et Douche Parfumé Amande Verte 1L,12.9,12.9,"['Parapharmacie', 'Corps et Bain', 'Douche et bain']",ROGE CAVAILLES,True,False,false,,,1L,[],https://courses.monoprix.fr/images-v3/0c44253f-c4a3-4340-9d37-d41e42b9d14a/5ec4582f-de67-41c8-979c-dcf8483c0afa/300x300.jpg
Parapharmacie,cbe0d653-a36e-4195-bb22-dbbfae3b5803,MPX_3403794,[Para] Klorane Quinine Shampoing Fortifiant à la Quinine & Edelweiss bio 200ml,7.39,36.95,"['Parapharmacie', 'Capillaire', 'Shampoings']",KLORANE,True,False,false,1.0,YEAR,200ml,[],https://courses.monoprix.fr/images-v3/0c44253f-c4a3-4340-9d37-d41e42b9d14a/e04c0d7d-191f-4642-bfb3-1e494c734dfb/300x300.jpg
Parapharmacie,d15964b6-a915-4c2b-8117-eeba474f2a6c,MPX_3180023,[Para] Avène Eau Thermale Hydrance Riche Crème Hydratante Peaux Sensibles Sèches à très sèches 40ml,15.5,387.5,"['Parapharmacie', 'Visage', 'Hydratants']",EAU THERMALE AVENE,True,False,false,1.0,YEAR,40ml,[],https://courses.monoprix.fr/images-v3/0c44253f-c4a3-4340-9d37-d41e42b9d14a/5af84708-271c-46a7-bac5-a0fd8379875e/300x300.jpg
Parapharmacie,ccb0ccd0-be55-4291-8796-56bb73f95e96,MPX_1176997,[Para] Bioderma Créaline H2O Lingettes Dermatologiques x25,6.89,6.89,"['Parapharmacie', 'Visage', 'Démaquillants et nettoyants visage']",Bioderma,True,False,false,6.0,MONTH,,[],https://courses.monoprix.fr/images-v3/0c44253f-c4a3-4340-9d37-d41e42b9d14a/18315c49-7a79-4515-8566-b52ac9bb1903/300x300.jpg
Parapharmacie,f6705f07-5c5d-48b7-9a5a-c5431c28c006,MPX_4122590,[Para] La Roche-Posay Lipikar huile Lavante AP+ recharge 400ml,13.5,33.75,"['Parapharmacie', 'Corps et Bain', 'Douche et bain']",La Roche-Posay,True,False,false,1.0,YEAR,400ml,[],https://courses.monoprix.fr/images-v3/0c44253f-c4a3-4340-9d37-d41e42b9d14a/e118ad1f-9f5c-46ec-bbf1-54e43fd38773/300x300.jpg
Parapharmacie,8c518a63-20a6-4f27-b96a-06b652e6500d,MPX_2737397,[Para] Elmex Dentifrice sensitive professional blancheur 2x75ml,8.79,58.6,"['Parapharmacie', 'Bucco-dentaire', 'Dentifrices']",Elmex,True,False,false,1.0,YEAR,2 x 75ml,[],https://courses.monoprix.fr/images-v3/0c44253f-c4a3-4340-9d37-d41e42b9d14a/23696063-ca74-4476-a564-dd714122a758/300x300.jpg
Parapharmacie,f4ce6666-fd37-4165-be6c-007bd6859a73,MPX_890004,[Para] Klorane Shampoing à la Pivoine Apaisant & Anti-Irritant Bio 400ml,11.5,28.75,"['Parapharmacie', 'Capillaire', 'Shampoings']",KLORANE,True,False,false,,,400ml,[],https://courses.monoprix.fr/images-v3/0c44253f-c4a3-4340-9d37-d41e42b9d14a/14a3436b-2842-4123-907f-610450a0e162/300x300.jpg
Parapharmacie,080e7b91-ddfe-455d-bdd5-bcee6df47a48,MPX_2189245,[Para] Avène Eau Thermale Tolérance Control Baume Apaisant Restaurateur Peaux Hypersensibles 40ml,16.5,412.5,"['Parapharmacie', 'Visage', 'Hydratants']",EAU THERMALE AVENE,True,False,false,1.0,YEAR,40ml,[],https://courses.monoprix.fr/images-v3/0c44253f-c4a3-4340-9d37-d41e42b9d14a/d86426fc-f981-4a8c-ab51-cde7a750fd98/300x300.jpg
Parapharmacie,c86340e3-f2c0-4593-9589-38d78835618b,MPX_3777139,[Para] Nuxe Very Rose Eau micellaire demaquillant 400ml,21.5,53.75,"['Parapharmacie', 'Visage', 'Démaquillants et nettoyants visage']",Nuxe,True,False,false,1.0,YEAR,400ml,[],https://courses.monoprix.fr/images-v3/0c44253f-c4a3-4340-9d37-d41e42b9d14a/e8d9441a-07fc-4ec7-bad8-d660069af953/300x300.jpg
Parapharmacie,0f426645-dbb8-4b1b-a19c-033d74326d53,MPX_3834844,[Para] La Roche Posay Effaclar Sérum à l'Acide Salicylique Ultra Concentré 30ml,31.5,1050.0,"['Parapharmacie', 'Visage', 'Acné et Imperfections']",La Roche-Posay,True,False,false,1.0,YEAR,30ml,[],https://courses.monoprix.fr/images-v3/0c44253f-c4a3-4340-9d37-d41e42b9d14a/e551fac7-d673-4ef2-b704-907205df43af/300x300.jpg
Parapharmacie,58006225-67b2-4334-a67b-98b8d668cb49,MPX_3292013,[Para] Waterwipes lingettes x60,5.29,0.09,"['Parapharmacie', 'Bébé et Maman', 'Toilette bébé']",WATERWIPES,True,False,false,2.0,MONTH,60 par pack,[],https://courses.monoprix.fr/images-v3/0c44253f-c4a3-4340-9d37-d41e42b9d14a/58e0da3b-c74f-463e-a1fc-895cd04ddb71/300x300.jpg
Parapharmacie,d89ed0a7-510f-4084-98c7-968001d22c4f,MPX_2963791,"[Para] Eau Thermale Avène - Cleanance - Gel Nettoyant Purifiant Matifiant - Peaux Mixte, Grasse À Imperfections Ou À Tendance Acneique 100ml",5.55,55.5,"['Parapharmacie', 'Visage', 'Démaquillants et nettoyants visage']",EAU THERMALE AVENE,True,False,false,1.0,YEAR,100ml,[],https://courses.monoprix.fr/images-v3/0c44253f-c4a3-4340-9d37-d41e42b9d14a/f47a93bc-dbfa-4d82-82a0-267c8ff02d75/300x300.jpg
Parapharmacie,98418286-1eda-4933-9f90-a4c57e4521db,MPX_3070213,[Para] Puressentiel huile essentielle menthe poivrée bio 10ml,6.99,699.0,"['Parapharmacie', 'Aromathérapie', 'Aromathérapie']",PURESSENTIEL,True,False,false,1.0,YEAR,10ml,['Produit bio'],https://courses.monoprix.fr/images-v3/0c44253f-c4a3-4340-9d37-d41e42b9d14a/3a6576d0-316a-4213-9e5b-326e401da280/300x300.jpg
Parapharmacie,ed68eff3-4f67-488e-a6f5-a5250facb611,MPX_2737270,[Para] Bioderma Atoderm Huile de Douche 200ml,8.29,41.45,"['Parapharmacie', 'Corps et Bain', 'Douche et bain']",Bioderma,True,False,false,1.0,YEAR,200ml,[],https://courses.monoprix.fr/images-v3/0c44253f-c4a3-4340-9d37-d41e42b9d14a/a6d124f4-c366-4820-9700-e4451b58ee3e/300x300.jpg
Parapharmacie,42a5a2fc-b932-4edd-8b66-ec83e73b75b7,MPX_3380215,[Para] Klorane Bébé Shampoing Doux Démêlant au Calendula Apaisant Cheveux Délicats 200ml,8.39,41.95,"['Parapharmacie', 'Bébé et Maman', 'Toilette bébé']",KLORANE,True,False,false,6.0,MONTH,200ml,[],https://courses.monoprix.fr/images-v3/0c44253f-c4a3-4340-9d37-d41e42b9d14a/2b1f4f00-8eb3-45a9-bf30-8dd613951884/300x300.jpg
Parapharmacie,aa932b22-3561-4290-a3bb-63c384cc72a5,MPX_3975855,"[Para] Eau Thermale Avène - Cleanance - Gel nettoyant purifiant matifiant - peaux mixte, grasse à imperfections ou à tendance acneique 200ml",8.99,44.95,"['Parapharmacie', 'Visage', 'Démaquillants et nettoyants visage']",EAU THERMALE AVENE,True,False,false,1.0,YEAR,200ml,[],https://courses.monoprix.fr/images-v3/0c44253f-c4a3-4340-9d37-d41e42b9d14a/ca958109-5d95-411b-8365-631f81830a21/300x300.jpg
Parapharmacie,515280d5-92cb-4328-9042-5e025d40ef33,MPX_186557,[Para] Etiaxil Détranspirant Traitement Aisselles Peaux Sensibles 15ml,10.5,700.0,"['Parapharmacie', 'Corps et Bain', 'Déodorants']",ETIAXIL,True,False,false,1.0,YEAR,15ml,[],https://courses.monoprix.fr/images-v3/0c44253f-c4a3-4340-9d37-d41e42b9d14a/695d80eb-204b-4aed-8c67-3f6479c396af/300x300.jpg
Parapharmacie,6458c367-a3af-4b61-ba7d-1264990b40ab,MPX_2064411,[Para] Bioderma Nodé Shampooing Apaisant 400ml,11.5,28.75,"['Parapharmacie', 'Capillaire', 'Shampoings']",Bioderma,True,False,false,,,400ml,[],https://courses.monoprix.fr/images-v3/0c44253f-c4a3-4340-9d37-d41e42b9d14a/029f8c7c-7b6c-4ee8-94b3-fa7b25db20f0/300x300.jpg
Parapharmacie,2195564b-0ba3-483e-9110-0ca648c26b4c,MPX_2094339,[Para] La Roche-Posay Effaclar Eau Micellaire Purifiante 400ml,12.5,31.25,"['Parapharmacie', 'Visage', 'Démaquillants et nettoyants visage']",La Roche-Posay,True,False,false,1.0,YEAR,400ml,[],https://courses.monoprix.fr/images-v3/0c44253f-c4a3-4340-9d37-d41e42b9d14a/67f37530-91e6-43ff-bfad-53204b81bdb4/300x300.jpg
Parapharmacie,224e3204-3596-4dc9-abfc-169c353b7063,MPX_2157759,[Para] Bioderma Atoderm Crème Ultra-Nourrissant Parfumée 500ml,14.9,29.8,"['Parapharmacie', 'Corps et Bain', 'Hydratants et nourrissants']",Bioderma,True,False,false,1.0,YEAR,500ml,[],https://courses.monoprix.fr/images-v3/0c44253f-c4a3-4340-9d37-d41e42b9d14a/a6de982b-32d9-47d4-854d-a459752a816c/300x300.jpg
Parapharmacie,b4e8ada8-a346-4897-affd-fae927dd5ed9,MPX_3167863,[Para] Eau Thermale Avène Les Essentiels Gelée gommante douceur 75ml,14.9,198.67,"['Parapharmacie', 'Visage', 'Gommages et masques']",EAU THERMALE AVENE,True,False,false,1.0,YEAR,75ml,[],https://courses.monoprix.fr/images-v3/0c44253f-c4a3-4340-9d37-d41e42b9d14a/eef01d02-3ac1-4f4c-a729-29611da6c3a2/300x300.jpg
Parapharmacie,b5441430-f21f-417f-95a6-36b678b36ab4,MPX_5446917,[Par Naturalia] Centifolia Savon Liquide Neutre à l'Huile d'Olive et de Coco Bio Mains & Corps 1L,14.96,14.96,"['Bio', 'Beauté bio', 'Soin du corps et Epilation bio']",CENTIFOLIA,True,False,false,6.0,MONTH,1L,[],https://courses.monoprix.fr/images-v3/0c44253f-c4a3-4340-9d37-d41e42b9d14a/c7efb4d9-5ded-4ff3-adb5-b4f85ebf5c06/300x300.jpg
Parapharmacie,5f20a84e-eee4-491b-964c-7b5cdd14d218,MPX_3441819,[Para] Erborian CC Red Correct à la Centella Asiatica 15ml,16.9,444.74,"['Parapharmacie', 'Maquillage', 'Teint']",Erborian,True,False,false,1.0,YEAR,38ml,[],https://courses.monoprix.fr/images-v3/0c44253f-c4a3-4340-9d37-d41e42b9d14a/fcc138dc-c7a9-4945-ac23-b61ce9f50534/300x300.jpg
Parapharmacie,3114910d-d742-48d1-a68a-8e1e7f40bc8f,MPX_3682481,[Para] Bioderma Atoderm Intensive Baume Ultra-Apaisant 500ml,19.9,39.8,"['Parapharmacie', 'Corps et Bain', 'Hydratants et nourrissants']",Bioderma,True,False,false,1.0,YEAR,500ml,[],https://courses.monoprix.fr/images-v3/0c44253f-c4a3-4340-9d37-d41e42b9d14a/c07aedcd-f2ca-437e-832e-ef3af60f0d57/300x300.jpg
Parapharmacie,8b79de3c-f9a2-4460-bf2f-cdcfe65baeb4,MPX_2091645,[Para] Saforelle Soin Lavant Ultra Hydratant 250ml,7.99,31.96,"['Parapharmacie', 'Corps et Bain', 'Hygiène Féminine']",SAFORELLE,True,False,false,1.0,YEAR,250ml,[],https://courses.monoprix.fr/images-v3/0c44253f-c4a3-4340-9d37-d41e42b9d14a/20b6c6c2-e2f4-46ae-8589-0a4bdf742fb1/300x300.jpg
Parapharmacie,74a5d215-2a65-4295-b1ab-199ccaae7843,MPX_805841,[Para] Avène Cold Cream Pain Surgras Nettoyant Nourrissant Offre spéciale 2x100g,9.19,45.95,"['Parapharmacie', 'Visage', 'Démaquillants et nettoyants visage']",EAU THERMALE AVENE,True,False,false,1.0,YEAR,2 x 100g,[],https://courses.monoprix.fr/images-v3/0c44253f-c4a3-4340-9d37-d41e42b9d14a/13490af9-1d24-4f14-922e-9cb107ec2393/300x300.jpg
Parapharmacie,c9dfce92-d8f2-453a-b1d9-eccf12e692d0,MPX_3823663,[Para] Arthrodont  Dentifrice Gingivale Gencives Sensibles duo 2x75ml,10.5,70.0,"['Parapharmacie', 'Bucco-dentaire', 'Dentifrices']",PIERRE FABRE ORAL CARE,True,False,false,1.0,YEAR,2 x 75ml,[],https://courses.monoprix.fr/images-v3/0c44253f-c4a3-4340-9d37-d41e42b9d14a/b3e69b53-8195-45a6-9647-124af792436f/300x300.jpg
Parapharmacie,eb4891d0-2c16-4519-98d4-ce603911867b,MPX_3741125,[Para] Korres Shampoing Post-coloration à l'huile d'argan 250ml,10.9,43.6,"['Parapharmacie', 'Capillaire', 'Shampoings']",KORRES,True,False,false,,,250ml,[],https://courses.monoprix.fr/images-v3/0c44253f-c4a3-4340-9d37-d41e42b9d14a/49ecfbd2-60cf-426b-9f7f-3ecab8738e48/300x300.jpg
Parapharmacie,bf3317f2-3a99-4728-86d8-b4bc364218ce,MPX_2809838,[Para] Regenerate Dentifrice Expert 75ml,13.5,180.0,"['Parapharmacie', 'Bucco-dentaire', 'Dentifrices']",REGENERATE,True,False,false,2.0,MONTH,75ml,[],https://courses.monoprix.fr/images-v3/0c44253f-c4a3-4340-9d37-d41e42b9d14a/e4d880e5-153b-4e6c-9d02-489b355f6eb3/300x300.jpg
Parapharmacie,c04cbac0-4140-4de0-93ae-332fc133dd06,MPX_3329680,[Para] CeraVe Lait Hydratant visage et corps pour les peaux sèches à très sèches 473ml,15.9,33.62,"['Parapharmacie', 'Visage', 'Hydratants']",CeraVe,True,False,false,1.0,YEAR,0.473L,[],https://courses.monoprix.fr/images-v3/0c44253f-c4a3-4340-9d37-d41e42b9d14a/ab864f35-0cec-45a8-95ad-2a36fbc07105/300x300.jpg
Parapharmacie,53a4a587-7a3d-44f2-8b6c-75b37b43a8f1,MPX_4207388,[Para] La Roche Posay Rétinol B3 Sérum Anti-Rides 30ml,39.5,1316.67,"['Parapharmacie', 'Visage', 'Anti-âge']",La Roche-Posay,True,False,false,1.0,YEAR,30ml,[],https://courses.monoprix.fr/images-v3/0c44253f-c4a3-4340-9d37-d41e42b9d14a/64bd1d5a-5ce7-4e9e-b672-14b215e7d5c4/300x300.jpg
Parapharmacie,34a8d3c9-14b5-4af7-b1cc-7c1b9aae7360,MPX_3834699,[Para] Elgydium Brosse à dent La Petite Française souple x1,4.19,4.19,"['Parapharmacie', 'Bucco-dentaire', 'Brosses à dents']",PIERRE FABRE ORAL CARE,True,False,false,1.0,YEAR,,[],https://courses.monoprix.fr/images-v3/0c44253f-c4a3-4340-9d37-d41e42b9d14a/e720a224-a524-4bf0-832a-bbdd7c368cfd/300x300.jpg
Parapharmacie,5c7a0a22-e367-466e-93e3-1893ecb36656,MPX_3070260,[Para] Elmex Bain de bouche Anti-caries 0% Colorant 400ml,5.29,13.23,"['Parapharmacie', 'Bucco-dentaire', 'Bains de bouche']",Elmex,True,False,false,6.0,MONTH,400ml,[],https://courses.monoprix.fr/images-v3/0c44253f-c4a3-4340-9d37-d41e42b9d14a/d4facc45-e315-48f9-b95e-5dd7305f5d06/300x300.jpg
Parapharmacie,d9decd5f-e891-4993-9392-cfc965d6f6fb,MPX_2850363,[Para] CicaBiafine Crème Pieds Secs Anti-Fendillements 100ml,8.39,83.9,"['Parapharmacie', 'Corps et Bain', 'Soins des mains, pieds et lèvres']",Cicabiafine,True,False,false,1.0,YEAR,100ml,[],https://courses.monoprix.fr/images-v3/0c44253f-c4a3-4340-9d37-d41e42b9d14a/4f4cacd8-b87f-4eb5-8c62-2d358388ca1a/300x300.jpg
Parapharmacie,431bd708-a894-456f-a4ed-2e4222a4557a,MPX_3342676,[Para] Uriage Huile Lavante 500ml,8.45,16.9,"['Parapharmacie', 'Corps et Bain', 'Douche et bain']",Uriage,True,False,false,1.0,YEAR,500ml,[],https://courses.monoprix.fr/images-v3/0c44253f-c4a3-4340-9d37-d41e42b9d14a/51c6fce0-7da8-482d-80f1-59e4cd28c627/300x300.jpg
Parapharmacie,5e47d119-633f-409c-a549-9e63cbdecc8c,MPX_3524217,[Para] Rogé Cavaillès Déodorant Dermato Anti-Odeurs 48H Roll-on 50ml,9.65,193.0,"['Parapharmacie', 'Corps et Bain', 'Déodorants']",ROGE CAVAILLES,True,False,false,,,50ml,[],https://courses.monoprix.fr/images-v3/0c44253f-c4a3-4340-9d37-d41e42b9d14a/ea952783-13f2-4865-988c-a70ff50cd0fe/300x300.jpg
Parapharmacie,abb0d4cb-e2c9-4bc5-9143-cd6148d9ed45,MPX_3939396,[Para] La Roche-Posay Cicaplast mains crème hydratante barrière réparatrice 100ml,10.5,105.0,"['Parapharmacie', 'Corps et Bain', 'Soins des mains, pieds et lèvres']",La Roche-Posay,True,False,false,1.0,YEAR,100ml,[],https://courses.monoprix.fr/images-v3/0c44253f-c4a3-4340-9d37-d41e42b9d14a/45c72800-728f-40e6-bc6f-3a9426dd20ca/300x300.jpg
Parapharmacie,5b916181-f861-4db4-bf79-3740c9387cca,MPX_3104109,"[Para] Avène Eau Thermale Fluide Démaquillant 3en1 sans Rinçage Visage, Yeux & Lèvres 200ml",11.5,57.5,"['Parapharmacie', 'Visage', 'Démaquillants et nettoyants visage']",EAU THERMALE AVENE,True,False,false,1.0,YEAR,200ml,[],https://courses.monoprix.fr/images-v3/0c44253f-c4a3-4340-9d37-d41e42b9d14a/ced3a54d-3651-476b-81b4-1f96e91e8975/300x300.jpg
Parapharmacie,d051ccf0-640c-4883-8f93-26fa6e5f29cf,MPX_4091387,[Para] Natessance Gel Douche Relaxant Amande Adoucissante sans Sulfates Bio 1L,12.5,12.14,"['Parapharmacie', 'Corps et Bain', 'Douche et bain']",Natessance,True,False,false,6.0,MONTH,1.03L,[],https://courses.monoprix.fr/images-v3/0c44253f-c4a3-4340-9d37-d41e42b9d14a/9f14659d-a16d-44db-a7b5-fe2dfb59910f/300x300.jpg
Parapharmacie,cc4d3b69-35b8-4ee2-9f57-b8f84062185c,MPX_970588,[Para] Bioderma Nodé K Shampooing Kérato-Réducteur 150ml,12.9,86.0,"['Parapharmacie', 'Capillaire', 'Shampoings']",Bioderma,True,False,false,1.0,YEAR,150ml,[],https://courses.monoprix.fr/images-v3/0c44253f-c4a3-4340-9d37-d41e42b9d14a/b5f54418-de59-481d-9f84-44443bc9e22e/300x300.jpg
Parapharmacie,76ad378b-bbaa-4e39-9c70-eeee45a4a00e,MPX_2441711,[Para] Bioderma Nodé P Shampooing Antipelliculaire Purifiant 400ml,12.9,32.25,"['Parapharmacie', 'Capillaire', 'Shampoings']",Bioderma,True,False,false,,,400ml,[],https://courses.monoprix.fr/images-v3/0c44253f-c4a3-4340-9d37-d41e42b9d14a/52b4a315-fd56-4062-a53b-d01f0627f621/300x300.jpg
Parapharmacie,ab70e0a1-5cf0-4401-9e42-cfbc16b24055,MPX_4122589,[Para] La Roche-Posay Libikar Syndet AP+ Crème Lavante Relipidante Eco Recharge 400ml,13.5,33.75,"['Parapharmacie', 'Corps et Bain', 'Douche et bain']",La Roche-Posay,True,False,false,1.0,YEAR,400ml,[],https://courses.monoprix.fr/images-v3/0c44253f-c4a3-4340-9d37-d41e42b9d14a/68f48d2c-9314-40ff-91d9-6cf65ee49588/300x300.jpg
Parapharmacie,c85a756c-7a23-4265-b2df-57ab72906ca1,MPX_3293389,[Para] Rogé Cavailles Huile Bain de Douche Veloutante 500+250ml,14.9,19.87,"['Parapharmacie', 'Corps et Bain', 'Douche et bain']",ROGE CAVAILLES,True,False,false,,,750ml,[],https://courses.monoprix.fr/images-v3/0c44253f-c4a3-4340-9d37-d41e42b9d14a/4dbbbbc2-65a5-4b33-a2f2-b5a670d03192/300x300.jpg
Parapharmacie,33b3f05d-38e5-43a8-8df3-5f107a92e234,MPX_5313398,[Para] Eau Thermale Avène Tolerance Hydra-10 Fluide Hydratant 40ml,16.5,412.5,"['Parapharmacie', 'Visage', 'Hydratants']",EAU THERMALE AVENE,True,False,false,1.0,YEAR,40ml,[],https://courses.monoprix.fr/images-v3/0c44253f-c4a3-4340-9d37-d41e42b9d14a/bb0f5797-7568-4534-a334-a0c559234d5d/300x300.jpg
Parapharmacie,abeb500f-9840-4066-acb1-8789ff676c3a,MPX_5135346,[Para] Roger & Gallet Gel Douche à la Fleur de Figuier 200ml,7.45,37.25,"['Parapharmacie', 'Corps et Bain', 'Douche et bain']",ROGER & GALLET,True,False,false,,,200ml,[],https://courses.monoprix.fr/images-v3/0c44253f-c4a3-4340-9d37-d41e42b9d14a/a94f9647-5c3b-4cde-a681-a3b4896fc53a/300x300.jpg
Parapharmacie,8c72922f-4eb9-4f01-81fa-682f0d53a22d,MPX_6588548,Garnier Skin Active Soin Yeux Vitamine C Booster d’Eclat 15ml,8.79,586.0,"['Hygiène & Beauté', 'Soins du visage', 'Crèmes et Soins', 'Soins']",Garnier,True,False,false,,,15ml,[],https://courses.monoprix.fr/images-v3/0c44253f-c4a3-4340-9d37-d41e42b9d14a/941e4454-c5a5-4ce9-bfd3-bf02af8512ca/300x300.jpg
Parapharmacie,c06a07a9-b847-4dbe-a59f-192d4ec1f67c,MPX_2876921,[Para] CicaBiafine Baume Multi-Réparation 50ml,9.49,189.8,"['Parapharmacie', 'Corps et Bain', 'Hydratants et nourrissants']",Cicabiafine,True,False,false,1.0,YEAR,50ml,[],https://courses.monoprix.fr/images-v3/0c44253f-c4a3-4340-9d37-d41e42b9d14a/bc0f741d-9eac-4c30-9a1d-ceaea4aef54e/300x300.jpg
Parapharmacie,708920e7-d7fb-4737-b103-271aefc4bc29,MPX_3304205,[Para] A-Derma Gel douche hydratant -protecteur 750ml,10.9,14.53,"['Parapharmacie', 'Visage', 'Démaquillants et nettoyants visage']",A-DERMA,True,False,false,1.0,YEAR,750ml,[],https://courses.monoprix.fr/images-v3/0c44253f-c4a3-4340-9d37-d41e42b9d14a/d7b815c8-df44-4d73-b198-6ccd554d7862/300x300.jpg
Parapharmacie,821ebfa0-2f81-4ded-bc46-e8dfc8438252,MPX_89761,[Para] Neutrogena Crème Pieds Très secs et Abîmés 100 ml,11.5,115.0,"['Parapharmacie', 'Corps et Bain', 'Soins des mains, pieds et lèvres']",Neutrogena,True,False,false,1.0,YEAR,100ml,[],https://courses.monoprix.fr/images-v3/0c44253f-c4a3-4340-9d37-d41e42b9d14a/60eeff4f-bb55-44cd-9281-e91a53084d7d/300x300.jpg
Parapharmacie,9308499d-3f21-4d14-adfa-0182bf62c5f1,MPX_2836590,[Para] Bioderma Hydrabio H2O Solution Micellaire Démaquillante Hydratante 500ml,14.9,29.8,"['Parapharmacie', 'Visage', 'Démaquillants et nettoyants visage']",Bioderma,True,False,false,1.0,YEAR,500ml,[],https://courses.monoprix.fr/images-v3/0c44253f-c4a3-4340-9d37-d41e42b9d14a/65d86a88-dc13-444c-aeb5-48bff2bca374/300x300.jpg
Parapharmacie,e3b65bc6-2f5a-4e9d-8875-91fa021a92f3,MPX_3777137,[Para] Nuxe Very Rose Eau micellaire demaquillant 200ml,15.5,77.5,"['Parapharmacie', 'Visage', 'Démaquillants et nettoyants visage']",Nuxe,True,False,false,1.0,YEAR,200ml,[],https://courses.monoprix.fr/images-v3/0c44253f-c4a3-4340-9d37-d41e42b9d14a/71995ce7-2ba9-4561-81df-d5dc7eea93c1/300x300.jpg
Parapharmacie,81b05724-884a-4d6f-992b-2958657e58ac,MPX_3959650,[Para] Weleda Soin réparateur Skin food 75ml,15.9,212.0,"['Parapharmacie', 'Visage', 'Hydratants']",Weleda,True,False,false,6.0,MONTH,75ml,[],https://courses.monoprix.fr/images-v3/0c44253f-c4a3-4340-9d37-d41e42b9d14a/9b0f6b7b-ae3b-46c3-b9ed-00c7f69a3457/300x300.jpg
Parapharmacie,6bf008dc-55bb-4941-9238-7eee84afebb7,MPX_180570,[Para] Neutrogena T/Gel Fort Shampoing Démangeaisons Sévères 250 ml,16.5,66.0,"['Parapharmacie', 'Capillaire', 'Shampoings']",Neutrogena,True,False,false,1.0,YEAR,250ml,[],https://courses.monoprix.fr/images-v3/0c44253f-c4a3-4340-9d37-d41e42b9d14a/04977e29-3492-4574-bdcc-e4f80b3b7c78/300x300.jpg
Parapharmacie,10947f4d-cf21-489b-9c40-11e2292a021f,MPX_2736985,[Para] Nuxe Prodigieux Lait corps sublimateur parfumé 200ml,16.9,84.5,"['Parapharmacie', 'Corps et Bain', 'Hydratants et nourrissants']",Nuxe,True,False,false,1.0,YEAR,200ml,[],https://courses.monoprix.fr/images-v3/0c44253f-c4a3-4340-9d37-d41e42b9d14a/ea1d296e-e574-4e01-b943-8e25ee57cf80/300x300.jpg
Parapharmacie,84e3a6e0-f3cb-4d84-a1e4-be9c3a207ac3,MPX_3404075,[Para] Uriage Xémose Baume Oléo-Apaisant Anti-Grattage 500ml,19.9,39.8,"['Parapharmacie', 'Corps et Bain', 'Cicatrisants']",Uriage,True,False,false,1.0,YEAR,500ml,[],https://courses.monoprix.fr/images-v3/0c44253f-c4a3-4340-9d37-d41e42b9d14a/2b17ab70-a121-470f-bf62-2f67c2559d6a/300x300.jpg
Parapharmacie,b6d62bef-9d33-41e8-812b-9af48b2bf5b9,MPX_4213512,[Para] La Roche Posay Toleriane Dermallergo Fluide Hydratant Apaisant & Réparateur 40ml,20.9,522.5,"['Parapharmacie', 'Visage', 'Hydratants']",La Roche-Posay,True,False,false,1.0,YEAR,40ml,[],https://courses.monoprix.fr/images-v3/0c44253f-c4a3-4340-9d37-d41e42b9d14a/aa372b2a-d934-435e-8240-e501bc7369e8/300x300.jpg
Parapharmacie,a1e0c9ac-47a0-4f06-9611-54f6775363b0,MPX_2048876,[Para] La Roche-Posay Substiane + Soin Anti-Âge Reconstituant 40ml,32.5,812.5,"['Parapharmacie', 'Visage', 'Anti-âge']",La Roche-Posay,True,False,false,1.0,YEAR,40ml,[],https://courses.monoprix.fr/images-v3/0c44253f-c4a3-4340-9d37-d41e42b9d14a/b1458b0b-d55d-43ad-91e0-0128ea7ae0fc/300x300.jpg
Parapharmacie,736eb513-2533-4869-8f0a-88acfeb952b4,MPX_805318,[Para] Inava Pierre Fabre Brosse à dents 25/100 Mi-dure x1,4.29,4.29,"['Parapharmacie', 'Bucco-dentaire', 'Brosses à dents']",PIERRE FABRE ORAL CARE,True,False,false,1.0,YEAR,,[],https://courses.monoprix.fr/images-v3/0c44253f-c4a3-4340-9d37-d41e42b9d14a/6d30316e-6227-4733-8555-b27cfe86831d/300x300.jpg
Parapharmacie,e63d107d-7c4e-4ddd-92fe-414330d1a164,MPX_2263978,[Para] Elmex Dentifrice Sensitive regular 75ml,4.75,63.33,"['Parapharmacie', 'Bucco-dentaire', 'Dentifrices']",Elmex,True,False,false,1.0,YEAR,75ml,[],https://courses.monoprix.fr/images-v3/0c44253f-c4a3-4340-9d37-d41e42b9d14a/35e68151-60e4-44a8-b3ed-9dfc1d723d5b/300x300.jpg
Parapharmacie,522d6e80-3826-4200-9692-29347eb31160,MPX_3404508,[Para] Avène XeraCalm A.D Pain Nettoyant Surgras 100g,6.29,62.9,"['Parapharmacie', 'Visage', 'Démaquillants et nettoyants visage']",EAU THERMALE AVENE,True,False,false,1.0,YEAR,100g,[],https://courses.monoprix.fr/images-v3/0c44253f-c4a3-4340-9d37-d41e42b9d14a/f4f8e10a-fe38-4712-82a9-fa74538af4e1/300x300.jpg
Parapharmacie,e1b58df3-b669-4a34-b110-fede3954bc6a,MPX_2155083,[Para] Puressentiel Respiratoire Spray Nasal Décongestionnant aux Huiles Essentielles Bio 15ml,7.79,519.33,"['Parapharmacie', 'Aromathérapie', 'Aromathérapie']",PURESSENTIEL,True,False,false,1.0,YEAR,15ml,[],https://courses.monoprix.fr/images-v3/0c44253f-c4a3-4340-9d37-d41e42b9d14a/005e6452-f8c6-45e0-a158-23c9ffaf93fc/300x300.jpg
Parapharmacie,122ad4e4-e51d-40e6-9715-9c065394de9f,MPX_5447508,[Para] Uriage Bariederm Cica-Lèvres Baume Protecteur 15ml,8.15,543.33,"['Parapharmacie', 'Corps et Bain', 'Soins des mains, pieds et lèvres']",Uriage,True,False,false,1.0,YEAR,15ml,[],https://courses.monoprix.fr/images-v3/0c44253f-c4a3-4340-9d37-d41e42b9d14a/08f811ea-f2ec-489f-ae36-ba6e0aac7fde/300x300.jpg
Parapharmacie,abfc6fd0-9702-4b7f-9435-2512234dcd0e,MPX_2876041,[Para] Mustela Eau rafraîchissante et coiffante Peau Normale 200ml,8.55,42.75,"['Parapharmacie', 'Bébé et Maman', 'Soins Bébé']",Mustela,True,False,false,6.0,MONTH,200ml,[],https://courses.monoprix.fr/images-v3/0c44253f-c4a3-4340-9d37-d41e42b9d14a/e8bea30f-16b1-4cc4-9f30-04df4288de80/300x300.jpg
Parapharmacie,6c155052-8078-4b7f-a764-1f3c92c50483,MPX_2201845,[Para] Meridol Brosse à Dents Souple Duo x2,8.59,8.59,"['Parapharmacie', 'Bucco-dentaire', 'Soins et accessoires dentaires']",Meridol,True,False,false,,,,[],https://courses.monoprix.fr/images-v3/0c44253f-c4a3-4340-9d37-d41e42b9d14a/bb6324cb-1f84-4538-ba81-e7fa24de74ca/300x300.jpg
Parapharmacie,21929553-2c12-4c05-976f-5a093d4a1224,MPX_1800744,[Para] Superdiet Complément Alimentaire Acerola 1000 Vitamine C Bio x24,12.5,0.52,"['Régimes alimentaires', 'Compléments alimentaires', 'Vitalité']",Super Diet,True,False,false,6.0,MONTH,24 par pack,['Produit bio'],https://courses.monoprix.fr/images-v3/0c44253f-c4a3-4340-9d37-d41e42b9d14a/ec18ae97-aa45-4ee9-9d92-49c523d7bfb3/300x300.jpg
Parapharmacie,92ae0518-87f4-4906-b2e7-c1d95b7bdbff,MPX_4234003,[Para] Mustela Shampooing Doux 500ml,12.9,25.8,"['Parapharmacie', 'Capillaire', 'Shampoings']",Mustela,True,False,false,1.0,YEAR,500ml,[],https://courses.monoprix.fr/images-v3/0c44253f-c4a3-4340-9d37-d41e42b9d14a/701937e1-4554-4b95-bb51-8f6c748c24de/300x300.jpg
Parapharmacie,44ba906c-2e84-4e35-adab-69d20677cc9b,MPX_2650542,[Para] Uriage Eau Thermale Crème Lavante 1L,13.5,13.5,"['Parapharmacie', 'Corps et Bain', 'Douche et bain']",Uriage,True,False,false,1.0,YEAR,1L,[],https://courses.monoprix.fr/images-v3/0c44253f-c4a3-4340-9d37-d41e42b9d14a/ef5cd632-01c6-4b32-8438-dbe80afc9b4a/300x300.jpg
Parapharmacie,e473aaa7-529f-4819-b3b7-eca0722d25c9,MPX_2797651,[Para] Nuxe Huile Prodigieuse huile sèche visage corps cheveux 50ml,14.9,298.0,"['Parapharmacie', 'Corps et Bain', 'Hydratants et nourrissants']",Nuxe,True,False,false,,,50ml,[],https://courses.monoprix.fr/images-v3/0c44253f-c4a3-4340-9d37-d41e42b9d14a/f2c5d36e-89e3-4f77-ba0d-c2a6dcdd3a15/300x300.jpg
Parapharmacie,277365b5-a731-4f42-8170-5325dbea5679,MPX_2638990,[Para] Elostoplast Pansements Peau sensible x20,4.99,4.99,"['Parapharmacie', 'Premiers soins', 'Bobologie']",Elastoplast,True,False,false,6.0,MONTH,,[],https://courses.monoprix.fr/images-v3/0c44253f-c4a3-4340-9d37-d41e42b9d14a/c3c3ed89-7737-4b0f-8ed7-7c47fec03462/300x300.jpg
Parapharmacie,9c01fecc-c030-4d88-86f9-82fcf19831b6,MPX_3834980,[Para] Rogé Cavaillès Soin Toilette Intime avec Anti-Bactérien 250ml,8.5,34.0,"['Parapharmacie', 'Corps et Bain', 'Hygiène Féminine']",ROGE CAVAILLES,True,False,false,,,250ml,[],https://courses.monoprix.fr/images-v3/0c44253f-c4a3-4340-9d37-d41e42b9d14a/06b49bd2-fe81-4638-8889-814937ca6f53/300x300.jpg
Parapharmacie,9d205aab-e60a-49c3-a0a2-3df15107d686,MPX_3329668,[Para] CeraVe Gel Moussant visage pour les peaux normales à grasses 236ml,8.85,37.5,"['Parapharmacie', 'Visage', 'Hydratants']",CeraVe,True,False,false,1.0,YEAR,0.236L,[],https://courses.monoprix.fr/images-v3/0c44253f-c4a3-4340-9d37-d41e42b9d14a/66f80fcf-e324-4440-905f-a8485fddd09a/300x300.jpg
Parapharmacie,ae9c09b1-483a-4e16-87fa-b566c9a5cf73,MPX_2158952,[Para] Nuxe Men Gel Douche multi-usages Homme 200ml,9.19,45.95,"['Parapharmacie', ""L'Homme"", 'Hygiène Corps']",Nuxe,True,False,false,1.0,YEAR,200ml,[],https://courses.monoprix.fr/images-v3/0c44253f-c4a3-4340-9d37-d41e42b9d14a/2cd18375-594e-4a2b-b94c-c62252a697dd/300x300.jpg
Parapharmacie,96ee803c-187d-4c53-92f6-e99e9fc3fbfa,MPX_3059033,[Para] Laboratoire SVR Physiopure Eau Micellaire Démaquillante 400ml,10.9,27.25,"['Nos sélections', 'Innovations produits', 'SVR']",LABORATOIRE SVR,True,False,false,,,400ml,[],https://courses.monoprix.fr/images-v3/0c44253f-c4a3-4340-9d37-d41e42b9d14a/a60ab948-4a63-4d47-ba29-a4354ee5c1db/300x300.jpg
Parapharmacie,a2f5cd0d-861b-4d0c-b433-5858cb10d9be,MPX_2175391,[Para] Bioderma Hydrabio Tonique Lotion Hydratante 250ml,13.5,54.0,"['Parapharmacie', 'Visage', 'Hydratants']",Bioderma,True,False,false,1.0,YEAR,250ml,[],https://courses.monoprix.fr/images-v3/0c44253f-c4a3-4340-9d37-d41e42b9d14a/a075d872-08b8-426c-8952-5c701bf7e4e8/300x300.jpg
Parapharmacie,76a456a0-29e4-4f74-a26f-01f368d39bea,MPX_1176041,[Para] La Roche Posay Effaclar Soin correcteur ciblé des éruptions cutanées 15 ml,13.9,926.67,"['Parapharmacie', 'Visage', 'Acné et Imperfections']",La Roche-Posay,True,False,false,1.0,YEAR,15ml,[],https://courses.monoprix.fr/images-v3/0c44253f-c4a3-4340-9d37-d41e42b9d14a/50b04687-399d-4e74-8829-6e4d2f8f8c09/300x300.jpg
Parapharmacie,c1d5537e-be9b-4964-864d-38815dcb8518,MPX_4213511,[Para] La Roche-Posay Toleriane Ultra Dermallergo Crème Soin Hydratant Intense 48H 40ml,20.9,522.5,"['Parapharmacie', 'Visage', 'Hydratants']",La Roche-Posay,True,False,false,1.0,YEAR,40ml,[],https://courses.monoprix.fr/images-v3/0c44253f-c4a3-4340-9d37-d41e42b9d14a/493b07be-8c33-4b97-b57f-54955f7f24a3/300x300.jpg
Parapharmacie,1fc4499e-b594-4f28-9a07-6656522ae878,MPX_2321784,[Para] Klorane Patchs Yeux Lissants Et Défatigants Express Au Bleuet Bio 7x2 Patchs,20.9,20.9,"['Parapharmacie', 'Visage', 'Soins yeux']",KLORANE,True,False,false,1.0,YEAR,,[],https://courses.monoprix.fr/images-v3/0c44253f-c4a3-4340-9d37-d41e42b9d14a/72436919-0bbe-4bef-a52a-2d65bdbab531/300x300.jpg
Parapharmacie,e81bbb4a-a18c-4d85-af20-aceffce56943,MPX_2811204,[Para] La Roche Posay Toleriane Ultra Nuit Soin Nuit Hydratant Apaisant Intense 40ml,21.9,547.5,"['Parapharmacie', 'Visage', 'Hydratants']",La Roche-Posay,True,False,false,1.0,YEAR,40ml,[],https://courses.monoprix.fr/images-v3/0c44253f-c4a3-4340-9d37-d41e42b9d14a/e7be4328-c3ff-4268-adba-474144bad958/300x300.jpg
Parapharmacie,9e540070-1cab-4ea9-afb4-cd98795f1ee8,MPX_3355777,[Para] La Roche Posay Hyalu B5 Crème Yeux Anti-Rides à l'Acide Hyaluronique 15ml,28.9,1926.67,"['Parapharmacie', 'Visage', 'Soins yeux']",La Roche-Posay,True,False,false,1.0,YEAR,15ml,[],https://courses.monoprix.fr/images-v3/0c44253f-c4a3-4340-9d37-d41e42b9d14a/bae777e9-707a-47c9-8802-206efc529277/300x300.jpg
Parapharmacie,ac8ad80e-ba46-4f21-9c54-daa752b98bf2,MPX_800345,[Para] Weleda Pâte dentifrice saline 75 ml,4.79,63.87,"['Parapharmacie', 'Bucco-dentaire', 'Dentifrices']",Weleda,True,False,false,1.0,YEAR,75ml,[],https://courses.monoprix.fr/images-v3/0c44253f-c4a3-4340-9d37-d41e42b9d14a/fd7d6cf3-dcf5-4dab-8cda-d85207a24a2c/300x300.jpg
Parapharmacie,a00dc237-b94b-4a7e-9bab-c846334c69c6,MPX_2137580,"[Para] Weleda Soin des Lèvres Everon 4,8 g",6.15,1281.25,"['Parapharmacie', 'Corps et Bain', 'Soins des mains, pieds et lèvres']",Weleda,True,False,false,6.0,MONTH,4.8g,[],https://courses.monoprix.fr/images-v3/0c44253f-c4a3-4340-9d37-d41e42b9d14a/19656ae1-11a8-49e9-8f87-4786e6d05b98/300x300.jpg
Parapharmacie,342430df-298e-497c-a2ac-32ae64f9c548,MPX_2888771,[Para] Rogé Cavaillès Gel bain douche fleur de coton 400ml,7.35,18.38,"['Parapharmacie', 'Corps et Bain', 'Douche et bain']",ROGE CAVAILLES,True,False,false,1.0,YEAR,400ml,[],https://courses.monoprix.fr/images-v3/0c44253f-c4a3-4340-9d37-d41e42b9d14a/b2bca15d-fd59-4f29-b2d8-f26d1f12d35b/300x300.jpg
Parapharmacie,0cdcf6d0-b653-478a-ab0d-537b3c89256a,MPX_5135348,[Para] Roger & Gallet Gel Douche Bienfaisant Néroli 200ml,7.45,37.25,"['Parapharmacie', 'Corps et Bain', 'Douche et bain']",ROGER & GALLET,True,False,false,1.0,YEAR,200ml,[],https://courses.monoprix.fr/images-v3/0c44253f-c4a3-4340-9d37-d41e42b9d14a/e8333c90-05ae-4a59-84b3-b22690617bab/300x300.jpg
Parapharmacie,eb99baf1-0f0f-4b1a-82ff-154384de89d5,MPX_151362,"[Para] Avène Cold Cream Crème Nourrissante Hydratante, & Protectrice 40ml",7.49,187.25,"['Parapharmacie', 'Visage', 'Hydratants']",EAU THERMALE AVENE,True,False,false,1.0,YEAR,40ml,[],https://courses.monoprix.fr/images-v3/0c44253f-c4a3-4340-9d37-d41e42b9d14a/149d5db3-5a6b-4f78-8e7e-d3eaeb69523b/300x300.jpg
Parapharmacie,ca457b8e-d2f0-44b4-a825-dac6f71d1e66,MPX_2321785,[Para] Klorane Klorane Démaquillant Yeux Au Bleuet Bio Yeux Sensibles 100ml,8.39,83.9,"['Parapharmacie', 'Visage', 'Démaquillants et nettoyants visage']",KLORANE,True,False,false,1.0,YEAR,100ml,[],https://courses.monoprix.fr/images-v3/0c44253f-c4a3-4340-9d37-d41e42b9d14a/21d73ee5-60ca-404f-91eb-6f010b3e4a95/300x300.jpg
Parapharmacie,bab35f91-de26-47ed-8ec5-194bdb3da56a,MPX_3380210,[Para] Klorane Bébé Gel Lavant Doux au Calendula Apaisant Corps & Cheveux Peau normale 500ml,8.89,17.78,"['Parapharmacie', 'Bébé et Maman', 'Toilette bébé']",KLORANE,True,False,false,1.0,YEAR,500ml,[],https://courses.monoprix.fr/images-v3/0c44253f-c4a3-4340-9d37-d41e42b9d14a/9e7839c3-100a-4430-a8d2-01819b72c41d/300x300.jpg
Parapharmacie,6ac4256a-0f90-45a6-a93a-e63cdeaf0ce7,MPX_1251852,[Para] Bioderma Créaline H2O sans Parfum 500ml,9.19,18.38,"['Parapharmacie', 'Visage', 'Démaquillants et nettoyants visage']",Bioderma,True,False,false,1.0,YEAR,500ml,[],https://courses.monoprix.fr/images-v3/0c44253f-c4a3-4340-9d37-d41e42b9d14a/a8391f58-baa7-4724-872a-7b3c28d9fa5e/300x300.jpg
Parapharmacie,4fef5638-bb89-4d8f-8020-2df9949e4908,MPX_3550587,[Para] Laboratoire Svr xerial Crème Pieds Nutri-Réparateur Hydratant 24H 50ml,9.99,133.2,"['Nos sélections', 'Innovations produits', 'SVR']",LABORATOIRE SVR,True,False,false,,,75g,[],https://courses.monoprix.fr/images-v3/0c44253f-c4a3-4340-9d37-d41e42b9d14a/8de28023-2ac9-4ad8-89e3-11ff3c7ac6db/300x300.jpg
Parapharmacie,0acbdce0-40c3-4513-9f1c-d354f3210987,MPX_176454,[Para] Bioderma sébium gel gommant purifiant peaux mixtes grasses 100ml,9.99,99.9,"['Parapharmacie', 'Visage', 'Gommages et masques']",Bioderma,True,False,false,1.0,YEAR,100ml,[],https://courses.monoprix.fr/images-v3/0c44253f-c4a3-4340-9d37-d41e42b9d14a/acecb39d-8cc8-4b3a-96b5-38e97fb0aaa4/300x300.jpg
Parapharmacie,f46e5d7c-ca50-4d3c-86d5-3131a70ee100,MPX_2075491,[Para] Bioderma Créaline DS+Gel Moussant Nettoyant Apaisant 200ml,12.9,64.5,"['Parapharmacie', 'Visage', 'Démaquillants et nettoyants visage']",Bioderma,True,False,false,1.0,YEAR,200ml,[],https://courses.monoprix.fr/images-v3/0c44253f-c4a3-4340-9d37-d41e42b9d14a/d46be900-f337-4156-aee2-b645b38a7bec/300x300.jpg
Parapharmacie,1fd6a4fb-ba82-4827-b6aa-debbd08794b2,MPX_4004105,[Para] Embryolisse Lait Crème Sensitive 100ml,21.9,219.0,"['Parapharmacie', 'Visage', 'Hydratants']",EMBRYOLISSE,True,False,false,1.0,YEAR,100ml,[],https://courses.monoprix.fr/images-v3/0c44253f-c4a3-4340-9d37-d41e42b9d14a/6f845b13-8c60-4ab2-b2be-02cf7339ff91/300x300.jpg
Parapharmacie,96330171-b876-4f0d-afd2-e102145bf20f,MPX_2291829,[Para] Eucerin Urearepair Plus Émollient 10% d'Urée 400ml,21.9,54.75,"['Parapharmacie', 'Corps et Bain', 'Hydratants et nourrissants']",Eucerin,True,False,false,1.0,YEAR,400ml,[],https://courses.monoprix.fr/images-v3/0c44253f-c4a3-4340-9d37-d41e42b9d14a/fc461b9b-9316-4645-ba63-92ec922afcde/300x300.jpg
Parapharmacie,a9986783-7c05-42b7-8ed0-7242df5d6fe5,MPX_4215398,[Para] Laboratoire SVR Densitium Contour des yeux 15ml,29.9,1993.33,"['Nos sélections', 'Innovations produits', 'SVR']",LABORATOIRE SVR,True,False,false,,,15ml,[],https://courses.monoprix.fr/images-v3/0c44253f-c4a3-4340-9d37-d41e42b9d14a/abdcff94-56e1-4067-ab98-c8b3314754ea/300x300.jpg
Parapharmacie,b7e988b6-640e-4b56-b756-adbadedad82c,MPX_3834983,[Para] Rogé Cavaillès Soin Toilette Intime Extra Doux 100ml,6.25,62.5,"['Parapharmacie', 'Corps et Bain', 'Hygiène Féminine']",ROGE CAVAILLES,True,False,false,,,100ml,[],https://courses.monoprix.fr/images-v3/0c44253f-c4a3-4340-9d37-d41e42b9d14a/aed2bdf8-dcd8-40a4-934c-517903cd16e8/300x300.jpg
Parapharmacie,2ba13337-8fa8-43b9-9caf-97c9b0665ed4,MPX_2156320,[Para] Bioderma Atoderm Gel Douche 200ml,6.99,34.95,"['Parapharmacie', 'Corps et Bain', 'Douche et bain']",Bioderma,True,False,false,1.0,YEAR,200ml,[],https://courses.monoprix.fr/images-v3/0c44253f-c4a3-4340-9d37-d41e42b9d14a/aedf9fde-e434-4209-8860-72e36dba2a4c/300x300.jpg
Parapharmacie,53876379-0bbe-4c61-a290-f9b1a1bece56,MPX_4196536,[Para] Klorane Junior Gel douche 2-en-1 à l’Avoine BIO Poire 200ml,7.49,37.45,"['Parapharmacie', 'Bébé et Maman', 'Toilette bébé']",KLORANE,True,False,false,1.0,YEAR,200ml,[],https://courses.monoprix.fr/images-v3/0c44253f-c4a3-4340-9d37-d41e42b9d14a/46e46ed7-db42-4db4-baff-2c2dacd95505/300x300.jpg
Parapharmacie,5962d5fe-0d13-4a9a-b696-2a335fb4c24d,MPX_2900610,[Para] Forté Pharma FortéMag 300 Marin x56 comprimés,8.79,8.79,"['Parapharmacie', 'Compléments alimentaires', 'Stress et Sommeil']",Forté Pharma,True,False,false,1.0,YEAR,,[],https://courses.monoprix.fr/images-v3/0c44253f-c4a3-4340-9d37-d41e42b9d14a/51eccee8-9b95-400d-bdb4-16523473091c/300x300.jpg
Parapharmacie,7a2dfed3-8194-499e-8895-af7629471ff1,MPX_1114346,[Para] Avène Cicalfate Lotion asséchante réparatrice peaux sensibles 40ml,9.15,228.75,"['Parapharmacie', 'Visage', 'Acné et Imperfections']",EAU THERMALE AVENE,True,False,false,1.0,YEAR,40ml,[],https://courses.monoprix.fr/images-v3/0c44253f-c4a3-4340-9d37-d41e42b9d14a/cd1cc590-06e2-4602-a076-53dd99cc67c0/300x300.jpg
Parapharmacie,d4cfb1fd-bf4a-43cf-89f0-68eb71f78f07,MPX_811940,[Para] Eau Thermale Avène Les Essentiels Démaquillant yeux douceur yeux sensibles et porteurs de lentilles 125ml,10.5,84.0,"['Parapharmacie', 'Visage', 'Démaquillants et nettoyants visage']",EAU THERMALE AVENE,True,False,false,1.0,YEAR,125ml,[],https://courses.monoprix.fr/images-v3/0c44253f-c4a3-4340-9d37-d41e42b9d14a/59aeb21a-19d9-4f0a-90bf-2048880bc458/300x300.jpg
Parapharmacie,eb99e7ec-e250-4f10-a642-a33fdb16c1d1,MPX_6679080,[Para] Eau thermale Jonzac eau micellaire apaisante haute tolérance bio 500ml,10.9,21.8,"['Parapharmacie', 'Nos marques de parapharmacie', 'Jonzac']",Eau thermale Jonzac,True,False,false,1.0,YEAR,500ml,[],https://courses.monoprix.fr/images-v3/0c44253f-c4a3-4340-9d37-d41e42b9d14a/4c420bf1-214b-4421-a662-35b4cb69c4df/300x300.jpg
Parapharmacie,a80de641-6c53-4dc3-a368-792c4e29c54f,MPX_3834981,[Para] Rogé Cavaillès Gel Douche Intime Anti-Bactérien Flacon 500ml,12.5,25.0,"['Parapharmacie', 'Corps et Bain', 'Hygiène Féminine']",ROGE CAVAILLES,True,False,false,1.0,YEAR,500ml,[],https://courses.monoprix.fr/images-v3/0c44253f-c4a3-4340-9d37-d41e42b9d14a/428be0dd-0757-4a16-8b2d-06bc104fb096/300x300.jpg
Parapharmacie,52db6c43-b849-4fc4-9f2c-e1264896ae79,MPX_3834985,[Para] Rogé Cavaillès Soin Toilette Intime Extra Doux avec Calendula 500ml,12.5,25.0,"['Parapharmacie', 'Corps et Bain', 'Hygiène Féminine']",ROGE CAVAILLES,True,False,false,,,500ml,[],https://courses.monoprix.fr/images-v3/0c44253f-c4a3-4340-9d37-d41e42b9d14a/bdb9f787-7fd6-4abc-b21f-b3b0dc88f1e8/300x300.jpg
Parapharmacie,c584437e-be30-4814-8506-d162c35379b0,MPX_2653589,[Para] Jonzac Soin Riche Réhydratant Bio 50ml,13.5,270.0,"['Naturalia', 'Beauté, Hygiène et Huiles essentielles', 'Soins Visage, Corps et Argile']",EAU THERMALE JONZAC,True,False,false,1.0,YEAR,50ml,['Produit bio'],https://courses.monoprix.fr/images-v3/0c44253f-c4a3-4340-9d37-d41e42b9d14a/abc6fb26-2f02-4fcb-b82b-8d45d6244080/300x300.jpg
Parapharmacie,33c95528-54fc-4442-9e71-0c36704add52,MPX_2138631,[Para] Bioderma Sébium Gel moussant nettoyant purifiant 500ml,15.9,31.8,"['Parapharmacie', 'Visage', 'Démaquillants et nettoyants visage']",Bioderma,True,False,false,1.0,YEAR,500ml,[],https://courses.monoprix.fr/images-v3/0c44253f-c4a3-4340-9d37-d41e42b9d14a/7ea2767d-637f-417d-8f34-182c3431b6f7/300x300.jpg
Parapharmacie,74caf06d-c3a4-453f-88b8-8136cfee1e28,MPX_1703790,[Para] Avène Eau Thermale Hydrance Légère Émulsion Hydratante 40ml,16.9,422.5,"['Parapharmacie', 'Visage', 'Hydratants']",EAU THERMALE AVENE,True,False,false,1.0,YEAR,40ml,[],https://courses.monoprix.fr/images-v3/0c44253f-c4a3-4340-9d37-d41e42b9d14a/31e34f91-ddef-4a9c-8ad3-658ba624eed0/300x300.jpg
Parapharmacie,63a1c7d8-7632-42b3-b560-27d2e344033a,MPX_6624492,[Para] CeraVe Baume Hydratant Soin visage et corps 454ml,16.9,37.22,"['Parapharmacie', 'Visage', 'Hydratants']",CeraVe,True,False,false,1.0,YEAR,0.454L,[],https://courses.monoprix.fr/images-v3/0c44253f-c4a3-4340-9d37-d41e42b9d14a/b9023bd2-c078-4673-b357-ed675cda9026/300x300.jpg
Parapharmacie,e21a3301-445f-4e6c-b9ce-3ab1fdcb6f8e,MPX_2061520,[Para] Bioderma Créaline Ts H2O sans parfum 2 x 500ml,22.9,22.9,"['Parapharmacie', 'Visage', 'Démaquillants et nettoyants visage']",Bioderma,True,False,false,1.0,YEAR,2 x 500ml,[],https://courses.monoprix.fr/images-v3/0c44253f-c4a3-4340-9d37-d41e42b9d14a/bdef4930-0ff0-4fbb-82bb-0bcbfee5dae6/300x300.jpg
Parapharmacie,c304b5c6-97ca-4dac-b6b4-3a7faa3e363b,MPX_1679887,[Para] Vichy Déodorant Anti Transpirant 48H Roll On Lot 2x50ml,14.9,149.0,"['Parapharmacie', 'Corps et Bain', 'Déodorants']",Vichy,True,False,false,1.0,YEAR,2 x 50ml,[],https://courses.monoprix.fr/images-v3/0c44253f-c4a3-4340-9d37-d41e42b9d14a/7ad60666-4b6c-4926-84dd-76ff7befbe7c/300x300.jpg
Parapharmacie,1e970186-ab57-466a-9368-eedcf86fc4fa,MPX_2687216,[Para] Elmex Dentifrice Anti-Caries Professional 2x75ml,9.19,61.27,"['Parapharmacie', 'Bucco-dentaire', 'Dentifrices']",Elmex,True,False,false,6.0,MONTH,2 x 75ml,[],https://courses.monoprix.fr/images-v3/0c44253f-c4a3-4340-9d37-d41e42b9d14a/6bf0534c-3713-4c5c-9398-ca0bcdb60aed/300x300.jpg
Parapharmacie,5c2e76f4-f7e7-4e45-837f-3a259e9ce4f6,MPX_1907396,[Para] La Roche Posay Effaclar Gel Moussant Purifiant Peaux Grasses et Sensibles 400ml,14.9,37.25,"['Parapharmacie', 'Visage', 'Démaquillants et nettoyants visage']",La Roche-Posay,True,False,false,1.0,YEAR,400ml,[],https://courses.monoprix.fr/images-v3/0c44253f-c4a3-4340-9d37-d41e42b9d14a/26d91c8f-1dbf-4578-8885-cd7444d9cbdc/300x300.jpg
Parapharmacie,532d0f4d-2a7f-4c36-88a5-8b68664f5896,MPX_2006781,[Para] Bioderma Atoderm Crème Nourissante 2 x 500ml,23.9,23.9,"['Parapharmacie', 'Corps et Bain', 'Hydratants et nourrissants']",Bioderma,True,False,false,,,2 x 500ml,[],https://courses.monoprix.fr/images-v3/0c44253f-c4a3-4340-9d37-d41e42b9d14a/193c25bf-6bce-4617-82f5-c7d77e9b8f85/300x300.jpg
Parapharmacie,db569a91-2fd4-4d63-bac6-417e7b365ed2,MPX_1726559,[Para] Avène Eau Thermale Hydrance Légère Émulsion Hydratante Peaux Sensibles 40ml,15.5,387.5,"['Parapharmacie', 'Visage', 'Hydratants']",EAU THERMALE AVENE,True,False,false,1.0,YEAR,40ml,[],https://courses.monoprix.fr/images-v3/0c44253f-c4a3-4340-9d37-d41e42b9d14a/9320a20e-2ce2-4949-9d4b-f480deaa3577/300x300.jpg
Parapharmacie,0625bc27-74b1-4e52-a2d5-2bfa04f4a141,MPX_726772,[Para] Klorane Shampoing Éclaircissant à la Camomille Reflets Blonds pour Cheveux Blonds à Châtains 400ml,11.5,28.75,"['Parapharmacie', 'Capillaire', 'Shampoings']",KLORANE,True,False,false,,,400ml,[],https://courses.monoprix.fr/images-v3/0c44253f-c4a3-4340-9d37-d41e42b9d14a/9de0c4e2-71a9-431a-9167-e05a586f8d7d/300x300.jpg
Parapharmacie,2bb49a24-f3a3-40d2-a93f-c2435e14b077,MPX_3232313,[Para] La Roche-Posay Hyalu B5 Sérum Concentré Anti-Rides Réparateur et Repulpant 30ml,33.5,1116.67,"['Parapharmacie', 'Visage', 'Anti-âge']",La Roche-Posay,True,False,false,1.0,YEAR,30ml,[],https://courses.monoprix.fr/images-v3/0c44253f-c4a3-4340-9d37-d41e42b9d14a/620e8113-ef3e-4706-b36c-672b52c74100/300x300.jpg
Parapharmacie,df54a0f9-1f37-451c-86e4-55c901ecaa08,MPX_3341926,[Para] Jonzac Déodorant Fraîcheur Hypoallergénique 50ml,8.39,167.8,"['Naturalia', 'Beauté, Hygiène et Huiles essentielles', 'Déodorants']",EAU THERMALE JONZAC,True,False,false,,,50ml,['Produit bio'],https://courses.monoprix.fr/images-v3/0c44253f-c4a3-4340-9d37-d41e42b9d14a/74e6af86-e86d-4314-9d99-ced4402e7911/300x300.jpg
Parapharmacie,8db25c11-3bf1-4bfa-8e86-a3648b3f3d27,MPX_4091329,[Para] La Roche Posay Hydraphase HA Légère 50ml,17.9,358.0,"['Parapharmacie', 'Visage', 'Hydratants']",La Roche-Posay,True,False,false,1.0,YEAR,50ml,[],https://courses.monoprix.fr/images-v3/0c44253f-c4a3-4340-9d37-d41e42b9d14a/4ec3820e-3166-4b6b-b73a-9a75fce34c8c/300x300.jpg
Parapharmacie,ecf13f58-14a2-4243-ba39-5f57b997f192,MPX_4205022,[Para] Laboratoire SVR Topyalise Gel Lavant 1L,9.65,9.65,"['Nos sélections', 'Innovations produits', 'SVR']",LABORATOIRE SVR,True,False,false,,,1L,[],https://courses.monoprix.fr/images-v3/0c44253f-c4a3-4340-9d37-d41e42b9d14a/20681942-77d1-4168-99aa-4285e4f5c108/300x300.jpg
Parapharmacie,5a376b09-fae9-4109-bc87-3bfda68ce4a1,MPX_2091463,[Para] Klorane Shampoing Sec Extra-Doux Au Lait d'Avoine L’original Tous Types de Cheveux 50ml,4.89,97.8,"['Parapharmacie', 'Capillaire', 'Shampoings']",KLORANE,True,False,false,1.0,YEAR,50ml,[],https://courses.monoprix.fr/images-v3/0c44253f-c4a3-4340-9d37-d41e42b9d14a/78993ac6-80ae-4a4a-9550-cc08e663b49f/300x300.jpg
Parapharmacie,f79d1d58-fe9d-486d-8938-24735fe048d8,MPX_3525622,[Para] La Roche-Posay eau micellaire ultra peaux réactives 200ml,8.89,44.45,"['Parapharmacie', 'Visage', 'Démaquillants et nettoyants visage']",La Roche-Posay,True,False,false,1.0,YEAR,200ml,[],https://courses.monoprix.fr/images-v3/0c44253f-c4a3-4340-9d37-d41e42b9d14a/19a464bc-f4f5-4047-8f17-dabd7630b638/300x300.jpg
Parapharmacie,29b5554f-98e2-46ea-b60f-772a9877c1f0,MPX_2172738,[Para] La Roche Posay Effaclar Mat Soin Hydratant Séborégulateur 40ml,12.9,322.5,"['Parapharmacie', 'Visage', 'Acné et Imperfections']",La Roche-Posay,True,False,false,1.0,YEAR,40ml,[],https://courses.monoprix.fr/images-v3/0c44253f-c4a3-4340-9d37-d41e42b9d14a/f5f342f7-9a44-414a-bc02-f52e136f1fe8/300x300.jpg
Parapharmacie,e0f71ac1-1a42-4d53-a7e2-0b353d9ab51e,MPX_147529,[Para] La Roche Posay Toleriane Sensitive Soin Hydratant Apaisant Protecteur 40ml,14.5,362.5,"['Parapharmacie', 'Visage', 'Hydratants']",La Roche-Posay,True,False,false,1.0,YEAR,40ml,[],https://courses.monoprix.fr/images-v3/0c44253f-c4a3-4340-9d37-d41e42b9d14a/04b58f37-6ee0-4b3b-bbda-e0b9ee5dd817/300x300.jpg
Parapharmacie,d6aab111-eb17-4b12-b756-9f7902bc2abc,MPX_3512664,[Para] La Roche Posay Lipikar AP+ Huile Lavante 750ml,21.5,28.67,"['Parapharmacie', 'Corps et Bain', 'Douche et bain']",La Roche-Posay,True,False,false,1.0,YEAR,750ml,[],https://courses.monoprix.fr/images-v3/0c44253f-c4a3-4340-9d37-d41e42b9d14a/f3849150-0b0a-41eb-9268-024f12be13ed/300x300.jpg
Parapharmacie,7db66218-a831-4f31-aca8-f97b2be95cfb,MPX_1489033,"[Para] Uriage Gel Surgras Dermatologique  Visage, Corps & Cheveux 1L",10.5,10.5,"['Parapharmacie', 'Corps et Bain', 'Douche et bain']",Uriage,True,False,false,1.0,YEAR,1L,[],https://courses.monoprix.fr/images-v3/0c44253f-c4a3-4340-9d37-d41e42b9d14a/254125a7-6d95-4a42-91ad-4294f9540e48/300x300.jpg
Parapharmacie,b0165bcb-67f2-45b6-9a29-1511d020b466,MPX_3059407,[Para] Uriage xémose Huile Lavante Apaisante 500ml,15.5,31.0,"['Parapharmacie', 'Corps et Bain', 'Cicatrisants']",Uriage,True,False,false,1.0,YEAR,500ml,[],https://courses.monoprix.fr/images-v3/0c44253f-c4a3-4340-9d37-d41e42b9d14a/5f788409-8032-450b-accd-d808c2c14390/300x300.jpg
Parapharmacie,d8bded54-2c90-49ec-8f92-1406443e662d,MPX_1861586,[Para] Weleda Crème Lavante Corps et Cheveux 200ml,7.59,37.95,"['Naturalia', 'Bébé', 'Hygiène et Soins Bébé']",Weleda,True,False,false,6.0,MONTH,200ml,[],https://courses.monoprix.fr/images-v3/0c44253f-c4a3-4340-9d37-d41e42b9d14a/5d7e0a09-89a6-47f0-9e38-cb2524cc0eee/300x300.jpg
Parapharmacie,a36e97c1-6340-4c1b-8042-19ce9cea0116,MPX_1991233,[Para] Nuxe Rêve de Miel Stick lèvres hydratant 4gr,4.69,1172.5,"['Parapharmacie', 'Corps et Bain', 'Soins des mains, pieds et lèvres']",Nuxe,True,False,false,1.0,YEAR,4g,[],https://courses.monoprix.fr/images-v3/0c44253f-c4a3-4340-9d37-d41e42b9d14a/62287944-8564-41af-a5b5-a3424d187098/300x300.jpg
Parapharmacie,a10c891a-3b4f-4807-8866-a3607d40fcad,MPX_1920442,[Para] La Roche-Posay Déodorant physiologique 24h peaux sensibles bille 50ml,8.45,169.0,"['Parapharmacie', 'Corps et Bain', 'Déodorants']",La Roche-Posay,True,False,false,1.0,YEAR,50ml,[],https://courses.monoprix.fr/images-v3/0c44253f-c4a3-4340-9d37-d41e42b9d14a/d5680328-07bb-4c34-8ade-0abe0ccdd916/300x300.jpg
Parapharmacie,42150b51-0f76-477a-9c6c-a5fbb426c484,MPX_654138,[Para] Klorane Légèreté Shampoing Assainissant à la Pulpe de Cédrat Pour Cheveux normaux Régraissant Vite 400ml,11.5,28.75,"['Parapharmacie', 'Capillaire', 'Shampoings']",KLORANE,True,False,false,,,400ml,[],https://courses.monoprix.fr/images-v3/0c44253f-c4a3-4340-9d37-d41e42b9d14a/f316f5ce-d25a-4116-bbfb-4088df1f8555/300x300.jpg
Parapharmacie,b3ad34db-eefb-4070-8ed1-b74b5e6451ef,MPX_1338098,[Para] Bioderma Sébium H2O Eau Micellaire Nettoyante Purifiante 2 x 500ml,18.9,18.9,"['Parapharmacie', 'Visage', 'Démaquillants et nettoyants visage']",Bioderma,True,False,false,1.0,YEAR,2 x 500ml,[],https://courses.monoprix.fr/images-v3/0c44253f-c4a3-4340-9d37-d41e42b9d14a/4e361d2a-cbe5-4263-96f5-873c1117928d/300x300.jpg
Parapharmacie,3adde1da-c484-4f32-8302-a8c6702557c0,MPX_4211135,[Para] Klorane Lin Shampoing Sec Volume au Lin bio Cheveux fins 150ml,9.49,63.27,"['Bio', 'Beauté bio', 'Cheveux bio']",KLORANE,True,False,false,1.0,YEAR,150ml,['Produit vegan'],https://courses.monoprix.fr/images-v3/0c44253f-c4a3-4340-9d37-d41e42b9d14a/a9606b12-0812-4a3f-a472-4fd4ad30b198/300x300.jpg
Parapharmacie,ca7e9fac-d582-423f-92f9-c7fde1eccdb3,MPX_3487238,[Para] Forté Pharma Mélatonine 1900 Flash x30 Comprimés,9.99,9.99,"['Parapharmacie', 'Compléments alimentaires', 'Stress et Sommeil']",Forté Pharma,True,False,false,1.0,YEAR,,[],https://courses.monoprix.fr/images-v3/0c44253f-c4a3-4340-9d37-d41e42b9d14a/1cb3f275-1a78-4f4f-b085-ce5555cbb2cf/300x300.jpg
Parapharmacie,789f9dfa-0b75-446f-a733-485defdd1cd4,MPX_1172156,[Para] Vichy Déodorant Bille Homme Peaux Sensibles Sans Alcool ni Parfum Lot2x50ml,13.9,139.0,"['Parapharmacie', 'Corps et Bain', 'Déodorants']",Vichy,True,False,false,,,2 x 50ml,[],https://courses.monoprix.fr/images-v3/0c44253f-c4a3-4340-9d37-d41e42b9d14a/80ee85d7-2894-4c7a-b9cb-d6899a1b7f5d/300x300.jpg
Parapharmacie,d73174d3-41f2-4d35-aae9-698a64dd1b12,MPX_3391322,[Para] Klorane bébé Gel Lavant Doux au Calendula Apaisant Corps & Cheveux Peau Normale Lot 2x500ml,12.5,12.5,"['Parapharmacie', 'Bébé et Maman', 'Toilette bébé']",KLORANE,True,False,false,1.0,YEAR,1L,[],https://courses.monoprix.fr/images-v3/0c44253f-c4a3-4340-9d37-d41e42b9d14a/5dd8d5e9-30e2-4365-8333-caa2f8944198/300x300.jpg
Parapharmacie,60b915b9-b27f-4040-b75f-aaa0c7b65942,MPX_3443207,[Para] Puressentiel Spray Assainissant aux 41 Huiles Essentielles 200ml,14.9,74.5,"['Parapharmacie', 'Aromathérapie', 'Aromathérapie']",PURESSENTIEL,True,False,false,,,200ml,[],https://courses.monoprix.fr/images-v3/0c44253f-c4a3-4340-9d37-d41e42b9d14a/d4c991b7-6fb0-4160-80c0-164635f8605e/300x300.jpg
Parapharmacie,b25dc7d0-36fe-4ead-8610-d97fd8754bf2,MPX_2986499,[Para] Elmex Dentifrice Anti-Caries Professional Junior 6-12 ans dentifrice 75ml,4.25,56.67,"['Parapharmacie', 'Bucco-dentaire', 'Dentifrices']",Elmex,True,False,false,6.0,MONTH,75ml,[],https://courses.monoprix.fr/images-v3/0c44253f-c4a3-4340-9d37-d41e42b9d14a/9b13065d-dda3-4dc9-bb34-0d67235b2bc9/300x300.jpg
Parapharmacie,d42c5051-cef6-45ab-86f9-da551c00be53,MPX_2457348,[Para] La Roche-Posay Kerium shampooing-gel physiologique doux flacon 400ml,12.5,31.25,"['Parapharmacie', 'Capillaire', 'Shampoings']",La Roche-Posay,True,False,false,1.0,YEAR,400ml,[],https://courses.monoprix.fr/images-v3/0c44253f-c4a3-4340-9d37-d41e42b9d14a/f0c3945c-db15-43f5-b5b0-778cf10385ba/300x300.jpg
Parapharmacie,2391472b-1d81-4ff7-81d2-e226ad72eaa4,MPX_147542,[Para] La Roche-Posay serozinc soluté de sulfate de zinc apaisant spray 150ml,8.99,59.93,"['Parapharmacie', 'Visage', 'Acné et Imperfections']",La Roche-Posay,True,False,false,1.0,YEAR,150ml,[],https://courses.monoprix.fr/images-v3/0c44253f-c4a3-4340-9d37-d41e42b9d14a/aa5ad71b-db32-44d8-b80b-c71e80226a11/300x300.jpg
Parapharmacie,2927a40c-1a81-40ee-92e2-6bafe077d145,MPX_3836707,[Para] Rogé Cavaillès Gel Bain Douche Aloe Vera Bio 1L,12.9,12.9,"['Parapharmacie', 'Corps et Bain', 'Douche et bain']",ROGE CAVAILLES,True,False,false,1.0,YEAR,1L,[],https://courses.monoprix.fr/images-v3/0c44253f-c4a3-4340-9d37-d41e42b9d14a/1430fd24-9a2a-42d6-b214-e114c0332006/300x300.jpg
Parapharmacie,c61fbb74-d841-4250-b57f-4a951235a24a,MPX_3292010,[Para] Liniderm Liniment Oléo-Calcaire Pompe 1L,14.5,14.5,"['Parapharmacie', 'Bébé et Maman', 'Soins Bébé']",LABORATOIRES GILBERT BEBE,True,False,false,2.0,MONTH,1L,[],https://courses.monoprix.fr/images-v3/0c44253f-c4a3-4340-9d37-d41e42b9d14a/2388f2bc-1ef4-4cf8-b22e-4a2fbf6bc360/300x300.jpg
Parapharmacie,77b8896a-e608-40dd-b444-aef69c85a28f,MPX_2699221,[Para] Natessance Gel Douche Aloe Vera Fraîcheur 1L,12.5,12.5,"['Naturalia', 'Beauté, Hygiène et Huiles essentielles', 'Gels douche et Savons']",Natessance,True,False,false,1.0,YEAR,1L,['Produit bio'],https://courses.monoprix.fr/images-v3/0c44253f-c4a3-4340-9d37-d41e42b9d14a/293f7c60-fa7f-44ea-820c-4aa1f4f970da/300x300.jpg
Parapharmacie,b27761f2-d7d8-4024-9734-d022fee3eac8,MPX_1419694,[Para] Elgydium Dentifrice Blancheur Tube 75ml,4.49,59.87,"['Parapharmacie', 'Bucco-dentaire', 'Dentifrices']",PIERRE FABRE ORAL CARE,True,False,false,6.0,MONTH,75ml,[],https://courses.monoprix.fr/images-v3/0c44253f-c4a3-4340-9d37-d41e42b9d14a/8ad883f2-e1aa-46b7-8565-eb68b28f91ab/300x300.jpg
Parapharmacie,3e00afa2-3c31-4fba-8fe5-2c828e8b0dd9,MPX_147511,[Para] La Roche Posay Eau Thermale Peaux Sensibles 300ml,9.29,30.97,"['Parapharmacie', 'Visage', 'Hydratants']",La Roche-Posay,True,False,false,1.0,YEAR,300ml,[],https://courses.monoprix.fr/images-v3/0c44253f-c4a3-4340-9d37-d41e42b9d14a/538bcebd-f6ec-4bd4-864a-2391ce37ba0d/300x300.jpg
Parapharmacie,5c7922b0-d8eb-49a5-bfe9-e1bcc7713d4b,MPX_3104110,"[Para] Eau Thermale Avène - Cleanance - Gel nettoyant purifiant matifiant - peaux mixte, grasse à imperfections ou à tendance acneique 400ml",14.5,36.25,"['Parapharmacie', 'Visage', 'Démaquillants et nettoyants visage']",EAU THERMALE AVENE,True,False,false,1.0,YEAR,400ml,[],https://courses.monoprix.fr/images-v3/0c44253f-c4a3-4340-9d37-d41e42b9d14a/ba0642a1-c44e-4bcf-9323-e8555a8d4acc/300x300.jpg
Parapharmacie,1f85435a-ce79-4025-9fa9-a9b60cb2f013,MPX_2137574,[Para] Weleda Maternité Tisane Allaitement 20 sachet,5.95,148.75,"['Naturalia', 'Bébé', 'Hygiène et Soins Bébé']",Weleda,True,False,false,6.0,MONTH,40ml,[],https://courses.monoprix.fr/images-v3/0c44253f-c4a3-4340-9d37-d41e42b9d14a/955d320c-7734-4d21-8c63-331ceb19506f/300x300.jpg
Parapharmacie,74492bc4-78c9-44af-a3a4-db71314fb8db,MPX_3177775,[Para] Fluocaril Dentifrice Menthe Bi-Fluoré 145mg 75ml,6.19,82.53,"['Parapharmacie', 'Bucco-dentaire', 'Dentifrices']",Fluocaril,True,False,false,1.0,YEAR,75ml,[],https://courses.monoprix.fr/images-v3/0c44253f-c4a3-4340-9d37-d41e42b9d14a/d9cdb091-47c1-4e6a-ab80-8348915deb14/300x300.jpg
Parapharmacie,dedf911e-7f72-48de-8c6c-49a16a155aaf,MPX_810261,[Para] Avène Cicalfate+ Crème Réparatrice Protectrice 40ml,9.45,236.25,"['Parapharmacie', 'Visage', 'Acné et Imperfections']",EAU THERMALE AVENE,True,False,false,1.0,YEAR,40ml,[],https://courses.monoprix.fr/images-v3/0c44253f-c4a3-4340-9d37-d41e42b9d14a/387b0687-9dab-48ca-802d-ee88db50a26c/300x300.jpg
Parapharmacie,7ee56019-9d99-4598-b503-dee98c37622c,MPX_2290827,[Para] La Roche Posay Nutritic Intense Riche Crème Nutri-Reconstituante 50ml,22.9,458.0,"['Parapharmacie', 'Visage', 'Hydratants']",La Roche-Posay,True,False,false,1.0,YEAR,50ml,[],https://courses.monoprix.fr/images-v3/0c44253f-c4a3-4340-9d37-d41e42b9d14a/cce0f220-929c-4ddb-b6f0-76eb79b320df/300x300.jpg
Parapharmacie,8f4658a7-722f-4218-aa1f-c7486b061fa8,MPX_3070261,[Para] Elmex Bain de bouche Sensitive 400 ml,5.29,13.23,"['Parapharmacie', 'Bucco-dentaire', 'Bains de bouche']",Elmex,True,False,false,6.0,MONTH,400ml,[],https://courses.monoprix.fr/images-v3/0c44253f-c4a3-4340-9d37-d41e42b9d14a/0691d0b9-e1eb-43f2-8ad0-af9b4eaec3c9/300x300.jpg
Parapharmacie,ef1480c6-9cfd-4ed5-bd06-e67b7c30e321,MPX_2599521,[Para] La Roche Posay Lipikar Gel Lavant Apaisant & Protecteur 750ml,12.5,16.67,"['Parapharmacie', 'Corps et Bain', 'Douche et bain']",La Roche-Posay,True,False,false,1.0,YEAR,750ml,[],https://courses.monoprix.fr/images-v3/0c44253f-c4a3-4340-9d37-d41e42b9d14a/5b58fd5d-9443-4338-b7d8-c0616b583198/300x300.jpg
Parapharmacie,78955186-103f-4d70-98cd-a1487349ac68,MPX_3342668,[Para] Nuxe Rêve de Miel Baume lèvres au miel nourrissant et réparateur 15gr,9.09,606.0,"['Parapharmacie', 'Corps et Bain', 'Soins des mains, pieds et lèvres']",Nuxe,True,False,false,1.0,YEAR,15g,[],https://courses.monoprix.fr/images-v3/0c44253f-c4a3-4340-9d37-d41e42b9d14a/bd7a9260-3a6d-4274-af47-780c72e4e1a8/300x300.jpg
Parapharmacie,477fc041-6cb9-4238-a1c6-fb139e906b56,MPX_2911132,[Para] La Roche Posay Innovation Lipikar Syndet AP+ Crème Lavante 400ml,14.9,37.25,"['Parapharmacie', 'Corps et Bain', 'Douche et bain']",La Roche-Posay,True,False,false,1.0,YEAR,400ml,[],https://courses.monoprix.fr/images-v3/0c44253f-c4a3-4340-9d37-d41e42b9d14a/df36fcad-45aa-48b0-a6c5-7962e2e86b9d/300x300.jpg
Parapharmacie,61e2c325-f114-48b2-99f5-105b0bf4c1d2,MPX_2091639,[Para] Saforelle Soin Lavant Doux 100ml,3.25,32.5,"['Parapharmacie', 'Corps et Bain', 'Hygiène Féminine']",SAFORELLE,True,False,false,1.0,YEAR,100ml,[],https://courses.monoprix.fr/images-v3/0c44253f-c4a3-4340-9d37-d41e42b9d14a/3053c3ab-0259-4c2e-9ff1-c648298b65bb/300x300.jpg
Parapharmacie,39ccceb5-c64e-442e-b5e8-d834d8ce3207,MPX_2367509,[Para] Klorane Shampoing Volume aux Fibres de Lin pour Cheveux Fins 200ml,7.39,36.95,"['Parapharmacie', 'Capillaire', 'Shampoings']",KLORANE,True,False,false,1.0,YEAR,200ml,[],https://courses.monoprix.fr/images-v3/0c44253f-c4a3-4340-9d37-d41e42b9d14a/06c123a8-8472-461a-bf30-e77d32ee4356/300x300.jpg
Parapharmacie,8ccc2c45-a3bb-4f7f-95d9-c0ac0215cb0e,MPX_3194571,[Para] Avène Body Gel Douche Douceur Peaux Sensibles visage & Corps 500ml,10.5,21.0,"['Parapharmacie', 'Corps et Bain', 'Douche et bain']",EAU THERMALE AVENE,True,False,false,6.0,MONTH,500ml,[],https://courses.monoprix.fr/images-v3/0c44253f-c4a3-4340-9d37-d41e42b9d14a/bb04041c-ad16-4ceb-ba70-e51416963eb2/300x300.jpg
Parapharmacie,c29636cd-bddd-45fd-b7d2-ae38905fe039,MPX_2064410,[Para] Bioderma Nodé Shampooing Fluide Non Détergent 2 x 400ml,12.9,16.13,"['Parapharmacie', 'Capillaire', 'Shampoings']",Bioderma,True,False,false,1.0,YEAR,2 x 400ml,[],https://courses.monoprix.fr/images-v3/0c44253f-c4a3-4340-9d37-d41e42b9d14a/beeffdeb-e097-4fc6-b80b-c518e2fb82af/300x300.jpg
Parapharmacie,d42a2568-ab17-41c9-bf30-ae4c62f628fd,MPX_2613792,[Para] Elmex Dentifrice Protection email professional 75ml,5.69,75.87,"['Parapharmacie', 'Bucco-dentaire', 'Dentifrices']",Elmex,True,False,false,6.0,MONTH,75ml,[],https://courses.monoprix.fr/images-v3/0c44253f-c4a3-4340-9d37-d41e42b9d14a/d5bd8f79-f0dd-417b-9036-869f3f1baeab/300x300.jpg
Parapharmacie,f5ca3d19-c6c2-4cb7-9b17-9e73baa377a8,MPX_3059030,[Para] Uriage Gel Surgras Dermatologique 500ml,7.99,15.98,"['Parapharmacie', 'Corps et Bain', 'Douche et bain']",Uriage,True,False,false,1.0,YEAR,500ml,[],https://courses.monoprix.fr/images-v3/0c44253f-c4a3-4340-9d37-d41e42b9d14a/df2296f5-f2d0-4996-9bfe-c53861a48931/300x300.jpg
Parapharmacie,af65ff4d-9efa-425a-8c31-b5a20cc05670,MPX_2624790,[Para] Weleda Gel Douche Sport Arnica 200ml,7.75,38.75,"['Hygiène & Beauté', 'Soins du corps', 'Gels Douche, Bain et Savons', 'Gels douche']",Weleda,True,False,false,6.0,MONTH,200ml,[],https://courses.monoprix.fr/images-v3/0c44253f-c4a3-4340-9d37-d41e42b9d14a/f2317eb0-797a-44bd-95cc-62d798586390/300x300.jpg
Parapharmacie,f941ca13-9bcd-4a5b-ab45-e452b0dcc9ac,MPX_1275992,[Para] Klorane Shampoing Nutrition à la Mangue pour Cheveux Secs 400ml,11.5,28.75,"['Parapharmacie', 'Capillaire', 'Shampoings']",KLORANE,True,False,false,,,400ml,[],https://courses.monoprix.fr/images-v3/0c44253f-c4a3-4340-9d37-d41e42b9d14a/613dc67a-d0f2-431e-ad04-eecb42519db5/300x300.jpg
Parapharmacie,e1d714e4-ed14-4946-8c29-89f12f357457,MPX_3171017,[Para] Forte Pharma Acerola Vitamine C Comprimé à Croquer x60,12.5,12.5,"['Parapharmacie', 'Compléments alimentaires', 'Immunité et Vitalité']",Forté Pharma,True,False,false,1.0,YEAR,,[],https://courses.monoprix.fr/images-v3/0c44253f-c4a3-4340-9d37-d41e42b9d14a/1aab68f0-1b76-4733-bff6-c3165721ca5e/300x300.jpg
Parapharmacie,86a0dcef-6a8d-4a9e-a2d2-a01af44217c5,MPX_1859177,[Para] La Roche Posay Toleriane Fluide nettoyant et démaquillant visage et corps 400ml,12.9,32.25,"['Parapharmacie', 'Visage', 'Démaquillants et nettoyants visage']",La Roche-Posay,True,False,false,1.0,YEAR,400ml,[],https://courses.monoprix.fr/images-v3/0c44253f-c4a3-4340-9d37-d41e42b9d14a/924719d6-c9c7-428b-a04c-a0a13c5e2e3b/300x300.jpg
Parapharmacie,926ee21b-3b65-4677-9a23-ff2726a17a04,MPX_655143,[Para] Uriage Eau Thermale 300ml,7.19,23.97,"['Parapharmacie', 'Visage', 'Hydratants']",Uriage,True,False,false,1.0,YEAR,300ml,[],https://courses.monoprix.fr/images-v3/0c44253f-c4a3-4340-9d37-d41e42b9d14a/82f0315b-9f27-4aaf-87c7-ca01ffb739a8/300x300.jpg
Parapharmacie,7a7a8bbd-70ca-480e-b4ae-b6d511c61f90,MPX_3404659,[Para] Bioderma Abcderm H2O Eau Micellaire 1L,10.9,10.9,"['Parapharmacie', 'Bébé et Maman', 'Soins Bébé']",Bioderma,True,False,false,1.0,YEAR,1L,[],https://courses.monoprix.fr/images-v3/0c44253f-c4a3-4340-9d37-d41e42b9d14a/1cb8d3de-7630-47ec-a8ca-11a3d1d54dac/300x300.jpg
Parapharmacie,4d4d8805-585a-4bd9-8e87-2be7408f7926,MPX_3612210,"[Para] La Roche Posay Hyalu Riche B5 Soin Anti Rides, Réparateur 40ml",28.5,712.5,"['Parapharmacie', 'Visage', 'Anti-âge']",La Roche-Posay,True,False,false,1.0,YEAR,40ml,[],https://courses.monoprix.fr/images-v3/0c44253f-c4a3-4340-9d37-d41e42b9d14a/fcd71758-6ce7-4f26-bb6b-fbc7d7359883/300x300.jpg
Parapharmacie,db85171a-509f-42b0-abcb-936da74af09b,MPX_345848,[Para] Saforelle Soin Lavant Doux 500ml,9.99,19.98,"['Parapharmacie', 'Corps et Bain', 'Hygiène Féminine']",SAFORELLE,True,False,false,6.0,MONTH,500ml,[],https://courses.monoprix.fr/images-v3/0c44253f-c4a3-4340-9d37-d41e42b9d14a/bd6b025e-990e-4b5a-8846-e68823321451/300x300.jpg
Parapharmacie,7f9eec38-0d97-4392-a9fb-c07cd77f52f3,MPX_2305298,[Para] Rogé Cavaillès Lait Bain & Douche Hydratant Peaux Sèches 1L,13.5,13.5,"['Parapharmacie', 'Corps et Bain', 'Douche et bain']",ROGE CAVAILLES,True,False,false,,,1L,[],https://courses.monoprix.fr/images-v3/0c44253f-c4a3-4340-9d37-d41e42b9d14a/21160a75-2f9e-45f8-bb69-f101fe015621/300x300.jpg
Parapharmacie,738ad8c6-69c8-4fa8-ae80-c677f81b3e4c,MPX_3316968,[Para] Saforelle Soin Lavant Doux 1L,16.5,16.5,"['Parapharmacie', 'Corps et Bain', 'Hygiène Féminine']",SAFORELLE,True,False,false,1.0,YEAR,1L,[],https://courses.monoprix.fr/images-v3/0c44253f-c4a3-4340-9d37-d41e42b9d14a/40895c41-24d8-41b5-9b50-d87db4e6348c/300x300.jpg
Parapharmacie,5ecbc49e-7fd8-4641-9b0b-8515ec86949e,MPX_805306,[Para] Inava Pierre Fabre Brosse à dents 20/100 Souple x1,4.49,4.49,"['Parapharmacie', 'Bucco-dentaire', 'Brosses à dents']",PIERRE FABRE ORAL CARE,True,False,false,1.0,YEAR,,[],https://courses.monoprix.fr/images-v3/0c44253f-c4a3-4340-9d37-d41e42b9d14a/2e7eff22-bb5c-4052-a26e-fd2d68fc80b1/300x300.jpg
Parapharmacie,ada5a0fc-b0fd-4243-8ccd-25105d380677,MPX_1122349,[Para] Meridol Dentifrice Soin des Gencives Irritées 2x75ml,7.49,49.93,"['Parapharmacie', 'Bucco-dentaire', 'Dentifrices']",Meridol,True,False,false,6.0,MONTH,2 x 75ml,[],https://courses.monoprix.fr/images-v3/0c44253f-c4a3-4340-9d37-d41e42b9d14a/eb566c00-2914-40a7-bbd9-3c923f520d9d/300x300.jpg
Parapharmacie,a7560b53-a2e9-4597-809d-0fd1d2a522c7,MPX_3512663,[Para] La Roche Posay Lipikar AP+ Huile Lavante 400ml,14.9,37.25,"['Parapharmacie', 'Corps et Bain', 'Douche et bain']",La Roche-Posay,True,False,false,1.0,YEAR,400ml,[],https://courses.monoprix.fr/images-v3/0c44253f-c4a3-4340-9d37-d41e42b9d14a/2037399c-0a88-43aa-9917-43125dd84947/300x300.jpg
Parapharmacie,15d6d4c2-a82c-4b6d-93b6-b1d5781de702,MPX_2334038,[Para] Elmex Bain de Bouche Junior 400ml,5.79,14.48,"['Parapharmacie', 'Bucco-dentaire', 'Bains de bouche']",Elmex,True,False,false,6.0,MONTH,400ml,[],https://courses.monoprix.fr/images-v3/0c44253f-c4a3-4340-9d37-d41e42b9d14a/1966187f-ef97-4be7-9f88-a5bb9a9102e6/300x300.jpg
Parapharmacie,17421480-0616-4dab-8c9f-15d8b2fea4cc,MPX_3000166,[Para] Nuxe Rêve de Miel Crème mains et ongles 50ml,6.99,139.8,"['Parapharmacie', 'Corps et Bain', 'Soins des mains, pieds et lèvres']",Nuxe,True,False,false,1.0,YEAR,50ml,[],https://courses.monoprix.fr/images-v3/0c44253f-c4a3-4340-9d37-d41e42b9d14a/49c05287-0777-4b8c-a6b3-e52b1f3b1601/300x300.jpg
Parapharmacie,fcabc51e-a151-42f2-821b-c4dde2495e30,MPX_653883,[Para] La Roche Posay Toleriane Ultra Démaquillant monodoses stériles 150ml,13.9,92.67,"['Parapharmacie', 'Visage', 'Démaquillants et nettoyants visage']",La Roche-Posay,True,False,false,1.0,YEAR,150ml,[],https://courses.monoprix.fr/images-v3/0c44253f-c4a3-4340-9d37-d41e42b9d14a/cd14fe28-9bb6-4e39-b959-182a4365a47e/300x300.jpg
Parapharmacie,c2315798-1600-4067-bad1-b066532e6da7,MPX_2293124,"[Para] Avène Eau Thermale Mousse Nettoyante Matifiante visage, Yeux & Lèvres 150ml",15.5,103.33,"['Parapharmacie', 'Visage', 'Démaquillants et nettoyants visage']",EAU THERMALE AVENE,True,False,false,1.0,YEAR,150ml,[],https://courses.monoprix.fr/images-v3/0c44253f-c4a3-4340-9d37-d41e42b9d14a/05fc22fc-b7d2-40df-b505-9a6cdfa7ca01/300x300.jpg
Parapharmacie,4ba148ce-af6a-4772-9216-fa1529aafde7,MPX_875337,[Para] klorane Shampooing Apaisant Cuir Chevelu Sensible à la Pivoine Bio 200ml,7.39,36.95,"['Parapharmacie', 'Capillaire', 'Shampoings']",KLORANE,True,False,false,1.0,YEAR,200ml,[],https://courses.monoprix.fr/images-v3/0c44253f-c4a3-4340-9d37-d41e42b9d14a/22603b22-b77f-4c9f-aa93-8147832fa04a/300x300.jpg
Parapharmacie,866ac3b3-ffe3-4020-8bf2-d71d032e238b,MPX_1803136,[Para] Saforelle Soin Lavant Doux 2 x 250ml,10.9,21.8,"['Parapharmacie', 'Corps et Bain', 'Hygiène Féminine']",SAFORELLE,True,False,false,6.0,MONTH,2 x 250ml,[],https://courses.monoprix.fr/images-v3/0c44253f-c4a3-4340-9d37-d41e42b9d14a/321e606b-c598-4de1-9437-287aa2fad6dd/300x300.jpg
Parapharmacie,901462e4-5ab5-4cd7-a9fc-4549229d81da,MPX_2811923,[Para] Uriage Lait Velouté Corps 500ml,13.9,27.8,"['Parapharmacie', 'Corps et Bain', 'Hydratants et nourrissants']",Uriage,True,False,false,1.0,YEAR,500ml,[],https://courses.monoprix.fr/images-v3/0c44253f-c4a3-4340-9d37-d41e42b9d14a/0949d097-aa5d-4ae7-8bb5-d589d6f564c1/300x300.jpg
Parapharmacie,eb3e2387-b946-473d-9e6e-cfc355ecedd1,MPX_2797984,[Para] Elmex Dentifrice Anti-Caries Professional 75ml,5.39,71.87,"['Parapharmacie', 'Bucco-dentaire', 'Dentifrices']",Elmex,True,False,false,6.0,MONTH,75ml,[],https://courses.monoprix.fr/images-v3/0c44253f-c4a3-4340-9d37-d41e42b9d14a/79601dfe-4d76-44e6-af43-b96bc23fb3bd/300x300.jpg
Parapharmacie,07e65cda-8dde-43c7-8411-5200e6841e5e,MPX_1036519,[Para] Saforelle Soin Lavant Doux 250ml,6.39,25.56,"['Parapharmacie', 'Corps et Bain', 'Hygiène Féminine']",SAFORELLE,True,False,false,6.0,MONTH,250ml,[],https://courses.monoprix.fr/images-v3/0c44253f-c4a3-4340-9d37-d41e42b9d14a/b1c7fa49-1a73-408b-8891-f06d6c63b912/300x300.jpg
Parapharmacie,666f60fb-9c29-483b-a128-43d0455881b6,MPX_4306909,[Para] Eucerin Masque Intensif A L'Acide Hyaluronique Hyaluron-Filler + 3X Effect,7.55,25.17,"['Parapharmacie', 'Visage', 'Anti-âge']",Eucerin,True,False,false,6.0,MONTH,300ml,[],https://courses.monoprix.fr/images-v3/0c44253f-c4a3-4340-9d37-d41e42b9d14a/d70c7931-ecca-4183-9d66-34d008a1cfb1/300x300.jpg
Parapharmacie,74434556-d11a-474b-83a7-8ec640fcd91e,MPX_3777452,[Para] Eau de Jonzac Nutritive Gel Douche Surgras Bio 500ml,9.39,18.78,"['Parapharmacie', 'Corps et Bain', 'Douche et bain']",EAU THERMALE JONZAC,True,False,false,6.0,MONTH,500ml,['Produit bio'],https://courses.monoprix.fr/images-v3/0c44253f-c4a3-4340-9d37-d41e42b9d14a/f74f928a-461d-43c2-ad82-39db7e5c4ced/300x300.jpg
Parapharmacie,fefc1eec-19f2-4aca-90ab-2e8022452963,MPX_3059074,[Para] La Roche Posay Solution Micellaire 400ml,12.5,31.25,"['Parapharmacie', 'Visage', 'Démaquillants et nettoyants visage']",La Roche-Posay,True,False,false,1.0,YEAR,400ml,[],https://courses.monoprix.fr/images-v3/0c44253f-c4a3-4340-9d37-d41e42b9d14a/39127dd3-7947-4adb-b7ae-e0877df2db39/300x300.jpg
Parapharmacie,2201b7d6-7237-4635-9a8f-fb343696c47f,MPX_3836709,[Para] Rogé Cavaillès Gel Bain Douche Huile de Macadamia Bio 1 Litre,12.9,12.9,"['Parapharmacie', 'Corps et Bain', 'Douche et bain']",ROGE CAVAILLES,True,False,false,1.0,YEAR,1L,[],https://courses.monoprix.fr/images-v3/0c44253f-c4a3-4340-9d37-d41e42b9d14a/ad0bcb43-c5cc-40c4-ab06-43c5207ab55b/300x300.jpg
Parapharmacie,3e1fbac2-ab59-4bf8-93c9-6ad4880f7e0a,MPX_4097177,[Para] Cut by Fred Masque Hydratation Vegan 400ml,37.5,37.5,"['Nos sélections', 'Innovations produits', 'Cut By Fred']",CUT BY FRED,True,False,false,,,,[],https://courses.monoprix.fr/images-v3/0c44253f-c4a3-4340-9d37-d41e42b9d14a/5acbd82c-f5f8-43f7-9e43-2bfab2e2437a/300x300.jpg
Parapharmacie,fb8905b3-98a4-41f3-8c0f-d7a235e240fc,MPX_1891080,[Para] CicaBiafine Crème Mains Réparation Intense 75ml,7.39,98.53,"['Parapharmacie', 'Corps et Bain', 'Soins des mains, pieds et lèvres']",Cicabiafine,True,False,false,2.0,MONTH,75ml,[],https://courses.monoprix.fr/images-v3/0c44253f-c4a3-4340-9d37-d41e42b9d14a/60b221c0-284e-47ec-8489-d426410e7b97/300x300.jpg
Parapharmacie,10180a16-f0a9-4002-88c9-68c8e2aab0ea,MPX_1991235,[Para] Nuxe Rêve de Miel Gel lavant surgras visage et corps - gel douche 400ml,14.9,37.25,"['Parapharmacie', 'Corps et Bain', 'Douche et bain']",Nuxe,True,False,false,1.0,YEAR,400ml,[],https://courses.monoprix.fr/images-v3/0c44253f-c4a3-4340-9d37-d41e42b9d14a/135046eb-e348-429f-9569-74c05427465b/300x300.jpg
Parapharmacie,8fca2f96-c7c6-426d-ac06-1a9b727a413e,MPX_1251687,[Para] Vichy Déodorant Anti-Transpirant Efficacité 48H sans alcool 2x125 ml,15.9,31.8,"['Parapharmacie', 'Corps et Bain', 'Déodorants']",Vichy,True,False,false,,,2 x 250ml,[],https://courses.monoprix.fr/images-v3/0c44253f-c4a3-4340-9d37-d41e42b9d14a/787a83cf-db91-41a8-9d4a-52cce5052649/300x300.jpg
Parapharmacie,33883778-5219-453f-93df-c5f5e9568ba6,MPX_3988568,[Para] Olaplex n°4 Shampoing Bond Maintenance 250ml,30.9,123.6,"['Parapharmacie', 'Capillaire', 'Shampoings']",OLAPLEX,True,False,false,,,250ml,[],https://courses.monoprix.fr/images-v3/0c44253f-c4a3-4340-9d37-d41e42b9d14a/012ba50a-1141-4c88-9bf8-ee516bea1e37/300x300.jpg
Parapharmacie,07393bf9-9d8d-4a9d-bd59-8318f82b64fb,MPX_2354791,[Para] Elmex Sensitive Professional Solution Dentaire 400ml,6.99,17.48,"['Parapharmacie', 'Bucco-dentaire', 'Soins et accessoires dentaires']",Elmex,True,False,false,6.0,MONTH,400ml,[],https://courses.monoprix.fr/images-v3/0c44253f-c4a3-4340-9d37-d41e42b9d14a/0fdfc05e-4966-4944-aea0-98f72f910303/300x300.jpg
Parapharmacie,7cde864b-7cbb-4286-b3d6-dcaf1d22895c,MPX_1992462,"[Para] Neutrogena Dermatologics Sticks Lèvres x2+1 Offert 3 x 4,8 g",8.49,589.58,"['Parapharmacie', 'Corps et Bain', 'Soins des mains, pieds et lèvres']",Neutrogena,True,False,false,1.0,YEAR,3 x 4.8g,[],https://courses.monoprix.fr/images-v3/0c44253f-c4a3-4340-9d37-d41e42b9d14a/04748e0d-8dd4-4854-b0a6-5583db4c332a/300x300.jpg
Parapharmacie,347b2dc4-4766-4491-9ce6-5884bf359d2d,MPX_4219794,[Para] Laboratoire SVR Topialyse Baume Protect + 400ml,17.9,44.75,"['Nos sélections', 'Innovations produits', 'SVR']",LABORATOIRE SVR,True,False,false,,,400ml,[],https://courses.monoprix.fr/images-v3/0c44253f-c4a3-4340-9d37-d41e42b9d14a/d7fa24eb-72d3-4f85-8e20-57f6d206e886/300x300.jpg
Parapharmacie,c286bacf-df52-46ed-8239-06c62552ce71,MPX_2120075,[Para] Elmex Nettoyage Intense Dentifrice 50ml,5.19,103.8,"['Parapharmacie', 'Bucco-dentaire', 'Dentifrices']",Elmex,True,False,false,6.0,MONTH,50ml,[],https://courses.monoprix.fr/images-v3/0c44253f-c4a3-4340-9d37-d41e42b9d14a/0d69cbe1-b87c-450b-a550-ca05804c5f01/300x300.jpg
Parapharmacie,d161e20d-7434-45ad-8dd6-5790eef5a5c9,MPX_2888770,[Para] Rogé Cavaillès Gel bain douche classique 400ml,7.39,18.48,"['Parapharmacie', 'Corps et Bain', 'Douche et bain']",ROGE CAVAILLES,True,False,false,,,400ml,[],https://courses.monoprix.fr/images-v3/0c44253f-c4a3-4340-9d37-d41e42b9d14a/d95c4cbe-08dd-42bd-bc2c-5294135bd886/300x300.jpg
Parapharmacie,c9e7e557-1cb7-486a-a2d1-1d7fc5c91ccf,MPX_1119433,[Para] Eucerin Urearepair Crème Mains Peaux Sèche 5% 75ml,8.09,107.87,"['Parapharmacie', 'Corps et Bain', 'Soins des mains, pieds et lèvres']",Eucerin,True,False,false,6.0,MONTH,75ml,[],https://courses.monoprix.fr/images-v3/0c44253f-c4a3-4340-9d37-d41e42b9d14a/a32c4a84-db01-4e90-91f9-5f7c73c99e9f/300x300.jpg
Parapharmacie,f39c3cef-441e-4100-835e-2fd543d414b5,MPX_147533,[Para] La Roche-Posay Tolériane dermo-nettoyant fluide visage et yeux 200ml,9.25,46.25,"['Parapharmacie', 'Visage', 'Démaquillants et nettoyants visage']",La Roche-Posay,True,False,false,1.0,YEAR,200ml,[],https://courses.monoprix.fr/images-v3/0c44253f-c4a3-4340-9d37-d41e42b9d14a/46b5483c-2bd7-405d-90da-77204d7dc74a/300x300.jpg
Parapharmacie,7e6beee9-59c0-4ee1-a596-0f3654400111,MPX_3070173,[Para] Puressentiel Lotion Antibactérienne Spray Désinfectant 80ml,4.29,53.63,"['Parapharmacie', 'Premiers soins', 'Bobologie']",PURESSENTIEL,True,False,false,,,80ml,[],https://courses.monoprix.fr/images-v3/0c44253f-c4a3-4340-9d37-d41e42b9d14a/d0448e0c-1d3d-4059-b95e-623ccbef6783/300x300.jpg
Parapharmacie,52ee337d-9338-47a1-b31a-6225561ade04,MPX_2888741,[Para] Elgydium Dentifrice Dents Sensibles 75ml,3.99,53.2,"['Parapharmacie', 'Bucco-dentaire', 'Dentifrices']",PIERRE FABRE ORAL CARE,True,False,false,1.0,YEAR,75ml,[],https://courses.monoprix.fr/images-v3/0c44253f-c4a3-4340-9d37-d41e42b9d14a/1c9dcaf5-ef3d-4653-a857-b8f84c3e3172/300x300.jpg
Parapharmacie,0a9e7b32-9969-4bfe-ac06-a393113e6283,MPX_1933496,[Para] Stérimar Hygiène du Nez Bébé 100ml,6.29,62.9,"['Parapharmacie', 'Bébé et Maman', 'Soins Bébé']",STERIMAR,True,False,false,1.0,YEAR,100ml,[],https://courses.monoprix.fr/images-v3/0c44253f-c4a3-4340-9d37-d41e42b9d14a/3c761119-e2d0-4f5a-b09d-4c8a701e6fad/300x300.jpg
Parapharmacie,c356aead-0d38-4542-b5a2-b5d61cdca5a4,MPX_3380043,[Para] Fluocaril Dentifrice Gencives Bi-Fluoré 145mg Lot 2x75ml,10.9,72.67,"['Parapharmacie', 'Bucco-dentaire', 'Dentifrices']",Fluocaril,True,False,false,1.0,YEAR,2 x 75ml,[],https://courses.monoprix.fr/images-v3/0c44253f-c4a3-4340-9d37-d41e42b9d14a/3c4f6368-cbf7-4d08-a901-253afded92a4/300x300.jpg
Parapharmacie,62bdcaee-675f-450f-82d4-eae617e62029,MPX_3380207,[Para] Klorane Eau nettoyante au Calendula Apaisant Peau Normale 750ml,11.5,15.33,"['Parapharmacie', 'Bébé et Maman', 'Toilette bébé']",KLORANE,True,False,false,1.0,YEAR,750ml,[],https://courses.monoprix.fr/images-v3/0c44253f-c4a3-4340-9d37-d41e42b9d14a/b48b2deb-fea4-4db3-b4b3-f3b9da9f7490/300x300.jpg
Parapharmacie,6eb58b70-6ebc-46c3-89e2-b3e44e03d3e6,MPX_1611509,[Para] Saforelle Soin Lavant Doux Duo 2x500ml,17.5,17.5,"['Parapharmacie', 'Corps et Bain', 'Hygiène Féminine']",SAFORELLE,True,False,false,1.0,YEAR,2 x 500ml,[],https://courses.monoprix.fr/images-v3/0c44253f-c4a3-4340-9d37-d41e42b9d14a/10e27bc8-f936-4d7a-a721-0a5937772cf9/300x300.jpg
Parapharmacie,700bd694-b1b8-44e9-99c0-edfcf8bb29e5,MPX_3563029,[Para] Vichy Détranspirant Intensif 72H Transpiration Excessive Roll On Lot 2x50ml,17.9,179.0,"['Parapharmacie', 'Corps et Bain', 'Déodorants']",Vichy,True,False,false,1.0,YEAR,2 x 50ml,[],https://courses.monoprix.fr/images-v3/0c44253f-c4a3-4340-9d37-d41e42b9d14a/2f15e42d-e962-4eb8-8727-02d6085fefc9/300x300.jpg
Parapharmacie,c12581c2-ea47-4875-94c8-fa0a4dfd6da7,MPX_2797653,[Para] Nuxe Huile Prodigieuse huile sèche visage corps cheveux 100ml,25.9,259.0,"['Parapharmacie', 'Corps et Bain', 'Hydratants et nourrissants']",Nuxe,True,False,false,,,100ml,[],https://courses.monoprix.fr/images-v3/0c44253f-c4a3-4340-9d37-d41e42b9d14a/20784995-dcc5-4be5-8e2e-97b5eedf3c21/300x300.jpg
Parapharmacie,2b9bca6a-f4b5-4c2a-a138-644097c2746c,MPX_3587318,[Para] Elmex Brosse à dents Bébé 0-3 ans,2.65,2.65,"['Parapharmacie', 'Bucco-dentaire', 'Enfant']",Elmex,True,False,false,6.0,MONTH,,[],https://courses.monoprix.fr/images-v3/0c44253f-c4a3-4340-9d37-d41e42b9d14a/44078c32-d938-4de1-a0c2-a8f8bda48f47/300x300.jpg
Parapharmacie,df48587f-3d15-4115-9bac-ba3a28079e91,MPX_801881,[Para] Botot Bain de Bouche 150ml,10.9,72.67,"['Parapharmacie', 'Bucco-dentaire', 'Bains de bouche']",Botot,True,False,false,,,150ml,[],https://courses.monoprix.fr/images-v3/0c44253f-c4a3-4340-9d37-d41e42b9d14a/4c928f88-f6e3-4a53-bee6-888a85c6ff5d/300x300.jpg
Parapharmacie,dca31e5f-3e28-4b34-a8a5-b55de1600159,MPX_1344552,[Para] La Roche-Posay Lipikar surgras crème lavante anti-dessèchement 400ml,14.5,36.25,"['Parapharmacie', 'Corps et Bain', 'Douche et bain']",La Roche-Posay,True,False,false,1.0,YEAR,400ml,[],https://courses.monoprix.fr/images-v3/0c44253f-c4a3-4340-9d37-d41e42b9d14a/c0995a85-2d62-40ed-8470-31483d61e81d/300x300.jpg
Parapharmacie,9a004ac8-f016-4c2a-9447-34eb3ac5c1c6,MPX_3380213,[Para] Klorane Bébé Lingettes Nettoyantes Epaisses au Calendula Apaisant Peau normale à Sèche x 25 Unités,4.89,4.89,"['Parapharmacie', 'Bébé et Maman', 'Toilette bébé']",KLORANE,True,False,false,1.0,YEAR,,[],https://courses.monoprix.fr/images-v3/0c44253f-c4a3-4340-9d37-d41e42b9d14a/beee299c-f55b-4bf4-acba-22aa7912a7a5/300x300.jpg
Parapharmacie,6e757902-accf-4388-ab2f-46b8d7e6b55b,MPX_4041270,[Para] Nuxe Body Rêve de thé Déodorant fraîcheur 24H 50ml,7.99,159.8,"['Parapharmacie', 'Corps et Bain', 'Déodorants']",Nuxe,True,False,false,,,50ml,[],https://courses.monoprix.fr/images-v3/0c44253f-c4a3-4340-9d37-d41e42b9d14a/10ab7c75-da5a-4a86-9e4b-e434be9cae7b/300x300.jpg
Parapharmacie,32a30f77-33e7-48af-9726-c47d8290dbaa,MPX_1257778,[Para] Rogé Cavaillès Déo-Soin Régulateur Spray Mixte 150ml,9.65,64.33,"['Parapharmacie', 'Corps et Bain', 'Déodorants']",ROGE CAVAILLES,True,False,false,,,150ml,[],https://courses.monoprix.fr/images-v3/0c44253f-c4a3-4340-9d37-d41e42b9d14a/fffb4b75-29df-412a-940a-20ce00785d08/300x300.jpg
Parapharmacie,049e8927-4491-4421-99c6-f55e37229861,MPX_3836711,[Para] Rogé Cavaillès Soin de Toilette Intime Extra-Doux 2x250ml,12.9,25.8,"['Parapharmacie', 'Corps et Bain', 'Hygiène Féminine']",ROGE CAVAILLES,True,False,false,,,500ml,[],https://courses.monoprix.fr/images-v3/0c44253f-c4a3-4340-9d37-d41e42b9d14a/3072a3b6-2ffd-4d1d-b59f-0472e387418d/300x300.jpg
Parapharmacie,5c675102-fa27-4884-934f-83f46b6dffef,MPX_151363,[Para] Avène Cold Cream Crème Nourrissante Hydratante & Protectrice 100ml,12.9,129.0,"['Parapharmacie', 'Visage', 'Hydratants']",EAU THERMALE AVENE,True,False,false,1.0,YEAR,100ml,[],https://courses.monoprix.fr/images-v3/0c44253f-c4a3-4340-9d37-d41e42b9d14a/41516120-9dc7-4490-891d-a71018e2bf81/300x300.jpg
Parapharmacie,bc501def-04af-48b4-8448-b833d3ec56be,MPX_4091330,[Para] La Roche Posay Hydraphase HA Riche 50ml,16.9,338.0,"['Parapharmacie', 'Visage', 'Hydratants']",La Roche-Posay,True,False,false,1.0,YEAR,50ml,[],https://courses.monoprix.fr/images-v3/0c44253f-c4a3-4340-9d37-d41e42b9d14a/5ccac2f2-5bd9-419f-ae4b-588f13aed53d/300x300.jpg
Parapharmacie,c7f0ba9e-f4c8-43c8-b30c-6ac5f373ec9b,MPX_3177806,[Para] Fluocaril Dentifrice Junior 6-12 ans Fruits Rouges 75ml,6.09,81.2,"['Parapharmacie', 'Bucco-dentaire', 'Enfant']",Fluocaril,True,False,false,1.0,YEAR,75ml,[],https://courses.monoprix.fr/images-v3/0c44253f-c4a3-4340-9d37-d41e42b9d14a/940b0796-e613-49cd-84a6-fc61e8f844ab/300x300.jpg
Parapharmacie,9ba26c89-6821-4b97-9a32-8b139e518cee,MPX_2947038,[Para] Klorane Après-Shampoing Nutritif & Réparateur au Cupuaçu Bio 200ml,11.9,59.5,"['Parapharmacie', 'Capillaire', 'Après-shampoings et Soins']",KLORANE,True,False,false,1.0,YEAR,200ml,[],https://courses.monoprix.fr/images-v3/0c44253f-c4a3-4340-9d37-d41e42b9d14a/e2c98525-d9c4-4f5b-9463-178d0f28a448/300x300.jpg
Parapharmacie,225d0086-6751-4199-89c2-243c0c2c112a,MPX_2023952,[Para] Rogé Cavaillès Gel Surgras Bain et Douche Parfumé Fleur de Coton 1L,12.9,12.9,"['Parapharmacie', 'Corps et Bain', 'Douche et bain']",ROGE CAVAILLES,True,False,false,1.0,YEAR,1L,[],https://courses.monoprix.fr/images-v3/0c44253f-c4a3-4340-9d37-d41e42b9d14a/bbf9483a-064a-4c9d-9012-915b72fd6df1/300x300.jpg
Parapharmacie,97e36246-c489-4229-a806-e9289abd40a4,MPX_736851,[Para] La Roche Posay Toleriane Sensitive Soin Hyratant Apaisant & Protecteur 40ml,14.5,362.5,"['Parapharmacie', 'Visage', 'Hydratants']",La Roche-Posay,True,False,false,1.0,YEAR,40ml,[],https://courses.monoprix.fr/images-v3/0c44253f-c4a3-4340-9d37-d41e42b9d14a/71ae016f-7311-4a2d-b67b-af0b817b841b/300x300.jpg
Parapharmacie,0c1bcfcd-0fcb-4826-bd00-2696bf86a5cc,MPX_4122591,[Para] La Roche Posay Effaclar Gel Micropeeling 400ml,14.9,37.25,"['Parapharmacie', 'Visage', 'Démaquillants et nettoyants visage']",La Roche-Posay,True,False,false,1.0,YEAR,400ml,[],https://courses.monoprix.fr/images-v3/0c44253f-c4a3-4340-9d37-d41e42b9d14a/5f5aba0b-059c-4f9f-bbbd-220525f3d319/300x300.jpg
Parapharmacie,da008840-925e-430d-83b9-0f9da8865f7f,MPX_1628505,[Para] Uriage xémose Crème Relipidante Anti-Irritations 400ml,18.5,46.25,"['Parapharmacie', 'Corps et Bain', 'Cicatrisants']",Uriage,True,False,false,1.0,YEAR,400ml,[],https://courses.monoprix.fr/images-v3/0c44253f-c4a3-4340-9d37-d41e42b9d14a/f308d028-cd45-4c9a-93c0-c1aa8048bd5b/300x300.jpg
Parapharmacie,f85ea8e6-ea76-414b-a202-19aca8b61f9a,MPX_3563225,[Para] La Roche Posay Lipikar Surgras Crème Lavante Anti-Dessèchement 750ml,20.5,27.33,"['Parapharmacie', 'Corps et Bain', 'Douche et bain']",La Roche-Posay,True,False,false,1.0,YEAR,750ml,[],https://courses.monoprix.fr/images-v3/0c44253f-c4a3-4340-9d37-d41e42b9d14a/483033f9-ee15-4dfe-ba8c-fa7a2937fa6c/300x300.jpg
Parapharmacie,ea313343-9f52-44f2-b247-24d747cb9696,MPX_2202889,[Para] Saforelle Savon Liquide Miss Soin Intime et Corporel 250ml,7.49,29.96,"['Parapharmacie', 'Corps et Bain', 'Hygiène Féminine']",SAFORELLE,True,False,false,1.0,YEAR,250ml,[],https://courses.monoprix.fr/images-v3/0c44253f-c4a3-4340-9d37-d41e42b9d14a/afd0defd-a667-465e-b91c-f2cf42e734fd/300x300.jpg
Parapharmacie,0a2e236c-5cc6-4fd7-b635-aba01174acf3,MPX_1612127,[Para] Neutrogena Crème Mains Concentrée l'Originale 2x50 ml,10.5,105.0,"['Parapharmacie', 'Corps et Bain', 'Soins des mains, pieds et lèvres']",Neutrogena,True,False,false,1.0,YEAR,2 x 50ml,[],https://courses.monoprix.fr/images-v3/0c44253f-c4a3-4340-9d37-d41e42b9d14a/07ec3d80-a14b-4481-afd6-c12ca268c049/300x300.jpg
Parapharmacie,6a40429a-a4c0-498e-aaff-b057c7ada907,MPX_3317894,[Para] Bioderma Créaline Gel Moussant 200ml,10.5,52.5,"['Parapharmacie', 'Visage', 'Démaquillants et nettoyants visage']",Bioderma,True,False,false,1.0,YEAR,200ml,[],https://courses.monoprix.fr/images-v3/0c44253f-c4a3-4340-9d37-d41e42b9d14a/d3768b7c-b6f9-43fd-8213-f535c2896ff2/300x300.jpg
Parapharmacie,302bacdf-3530-44ea-b461-9cb22c12b3c7,MPX_2157781,[Para] Bioderma Atoderm Crème Ultra-Nourrissant 500ml,13.9,27.8,"['Parapharmacie', 'Corps et Bain', 'Hydratants et nourrissants']",Bioderma,True,False,false,1.0,YEAR,500ml,[],https://courses.monoprix.fr/images-v3/0c44253f-c4a3-4340-9d37-d41e42b9d14a/565aa830-0c9b-4fcd-b965-5d0201c003c3/300x300.jpg
Parapharmacie,9834b5d7-f967-462b-84ad-6a389f0f4b56,MPX_1251690,[Para] Vichy Déodorant Anti-Transpirant Peaux Sensibles Epilées Lot 2x50ml,15.9,159.0,"['Parapharmacie', 'Corps et Bain', 'Déodorants']",Vichy,True,False,false,1.0,YEAR,2 x 50ml,[],https://courses.monoprix.fr/images-v3/0c44253f-c4a3-4340-9d37-d41e42b9d14a/6d2b0625-0052-4c8f-9c5e-f56f88c77661/300x300.jpg
Parapharmacie,5091792c-c6ac-41a3-a6c9-e34e0bbd7547,MPX_3093881,[Para] Vichy Déodorant Minéral 48h lot de 2x 125ml,17.5,70.0,"['Parapharmacie', 'Corps et Bain', 'Déodorants']",Vichy,True,False,false,,,2 x 125ml,[],https://courses.monoprix.fr/images-v3/0c44253f-c4a3-4340-9d37-d41e42b9d14a/02ea10ee-24fa-4158-a494-7a813dfc7bf5/300x300.jpg
Parapharmacie,3d0ce601-ab66-4050-8e36-76394d3cdb9e,MPX_3988569,[Para] Olaplex n°5 Après-Shampoing Bond Maintenance 250ml,30.9,123.6,"['Parapharmacie', 'Capillaire', 'Après-shampoings et Soins']",OLAPLEX,True,False,false,,,250ml,[],https://courses.monoprix.fr/images-v3/0c44253f-c4a3-4340-9d37-d41e42b9d14a/eb259dbb-9ce3-47fd-af8a-d784dfdf4b92/300x300.jpg
Parapharmacie,5c7851b3-2843-4bed-bad7-87637e9baaec,MPX_3069938,[Para] Puressentiel Respiratoire Gommes 45g,5.99,133.11,"['Parapharmacie', 'Aromathérapie', 'Aromathérapie']",PURESSENTIEL,True,False,false,1.0,YEAR,45g,[],https://courses.monoprix.fr/images-v3/0c44253f-c4a3-4340-9d37-d41e42b9d14a/98dce4af-a23f-4b41-8abd-ce96d8b13749/300x300.jpg
Parapharmacie,09d94d1f-9144-4f8c-8ec2-ca0b2a75ae2d,MPX_3887766,[Para] Klorane Shampoing Sec Détox à la Menthe Aquatique Bio Tous Types de Cheveux 150ml,9.49,63.27,"['Parapharmacie', 'Capillaire', 'Shampoings']",KLORANE,True,False,false,,,150ml,[],https://courses.monoprix.fr/images-v3/0c44253f-c4a3-4340-9d37-d41e42b9d14a/67ecfd4f-7fb1-4684-ae8b-12d3d92860e3/300x300.jpg
Parapharmacie,99b4c526-b070-4571-abc4-f74f0e23aeb1,MPX_6624497,[Para] CeraVe  Moussant Anti-imperfections 236ml,9.99,42.33,"['Parapharmacie', 'Visage', 'Acné et Imperfections']",CeraVe,True,False,false,1.0,YEAR,0.236L,[],https://courses.monoprix.fr/images-v3/0c44253f-c4a3-4340-9d37-d41e42b9d14a/d30571b8-4142-4a80-8af9-28baf8e9f194/300x300.jpg
Parapharmacie,faabba4a-3e7d-4a7e-ab06-faa57fcb090e,MPX_1859176,[Para] La Roche-Posay Effaclar lotion astringente micro-exfoliante 200ml,11.5,57.5,"['Parapharmacie', 'Visage', 'Démaquillants et nettoyants visage']",La Roche-Posay,True,False,false,1.0,YEAR,200ml,[],https://courses.monoprix.fr/images-v3/0c44253f-c4a3-4340-9d37-d41e42b9d14a/2eae543b-a912-42b0-8af7-1d81acec9c93/300x300.jpg
Parapharmacie,45bc3c1a-f88e-441c-a031-e01f2f231953,MPX_1946829,[Para] Klorane Shampoing Séboréducteur à l’Ortie Bio Cheveux Gras 400ml,11.5,28.75,"['Parapharmacie', 'Capillaire', 'Shampoings']",KLORANE,True,False,false,1.0,YEAR,400ml,[],https://courses.monoprix.fr/images-v3/0c44253f-c4a3-4340-9d37-d41e42b9d14a/e703b703-2c4e-4bcf-8fc5-c14069b90cc8/300x300.jpg
Parapharmacie,4cf60fe6-9053-4755-b910-2d0e9d1a2db1,MPX_3033012,[Para] Klorane  Après-Shampoing Nutrition à la Mangue Pour Cheveux Secs 200ml,11.9,59.5,"['Parapharmacie', 'Capillaire', 'Après-shampoings et Soins']",KLORANE,True,False,false,,,200ml,[],https://courses.monoprix.fr/images-v3/0c44253f-c4a3-4340-9d37-d41e42b9d14a/fb3dc8c6-c1ed-45a2-a251-8227bc1d6714/300x300.jpg
Parapharmacie,1eabe170-278d-4bc6-8331-1d0b2ec18d92,MPX_3316994,[Para] Klorane Junior Shampoing Démêlant à l’Avoine BIO Parfum Pêche 500ml,12.5,25.0,"['Parapharmacie', 'Bébé et Maman', 'Toilette bébé']",KLORANE,True,False,false,1.0,YEAR,500ml,[],https://courses.monoprix.fr/images-v3/0c44253f-c4a3-4340-9d37-d41e42b9d14a/45eca494-4f37-41c0-b990-7f60a1015114/300x300.jpg
Parapharmacie,65a71fc4-59ba-4f64-a868-b0305eed0298,MPX_5261505,[Para] La Roche-Posay Lipikar Crème AP+M Relipidante 400ml,23.9,59.75,"['Parapharmacie', 'Visage', 'Hydratants']",La Roche-Posay,True,False,false,1.0,YEAR,400ml,[],https://courses.monoprix.fr/images-v3/0c44253f-c4a3-4340-9d37-d41e42b9d14a/be638d1c-0ec2-426b-a118-eb90bd8c6f2e/300x300.jpg
Parapharmacie,fd6f87a0-b26a-4faa-8af4-b67a1cc8dca5,MPX_2454609,[Para] Bioderma Hydrabio Brume Eau Apaisante Rafraîchissante 300ml,6.39,21.3,"['Parapharmacie', 'Corps et Bain', 'Hydratants et nourrissants']",Bioderma,True,False,false,1.0,YEAR,300ml,[],https://courses.monoprix.fr/images-v3/0c44253f-c4a3-4340-9d37-d41e42b9d14a/df70e0f5-eabc-4539-b70f-a40e880dab2c/300x300.jpg
Parapharmacie,f218891e-787e-4717-bd64-f8ae4e50c0eb,MPX_2888774,[Para] Rogé Cavaillès Gel bain douche lait de figue 400ml,7.39,18.48,"['Parapharmacie', 'Corps et Bain', 'Douche et bain']",ROGE CAVAILLES,True,False,false,1.0,YEAR,400ml,[],https://courses.monoprix.fr/images-v3/0c44253f-c4a3-4340-9d37-d41e42b9d14a/afad9720-c3b4-4de5-bf4d-3941eb3ad9e2/300x300.jpg
Parapharmacie,bef5a8bf-2881-482b-bc60-d4dce1cc3103,MPX_2355635,[Para] La Roche-Posay Cicaplast mains crème barrière réparatrice 50ml,8.25,165.0,"['Parapharmacie', 'Corps et Bain', 'Soins des mains, pieds et lèvres']",La Roche-Posay,True,False,false,1.0,YEAR,50ml,[],https://courses.monoprix.fr/images-v3/0c44253f-c4a3-4340-9d37-d41e42b9d14a/a945ba34-6cea-4cc3-874d-080f901c3877/300x300.jpg
Parapharmacie,a70ee081-e535-48fe-9e11-d4af10f3dfb5,MPX_3576815,[Para] Klorane Shampoing Sec en poudre extra-doux au lait d’Avoine,9.49,189.8,"['Parapharmacie', 'Capillaire', 'Shampoings']",KLORANE,True,False,false,1.0,YEAR,50g,[],https://courses.monoprix.fr/images-v3/0c44253f-c4a3-4340-9d37-d41e42b9d14a/715f3f20-1323-446a-a5d8-eb04a4ecdeb0/300x300.jpg
Parapharmacie,588c9d46-eff4-4f4c-8667-27fc904be55a,MPX_812458,[Para] Vichy déodorant Pour Homme vaporisateur ultra-frais 100ml,9.99,99.9,"['Parapharmacie', 'Corps et Bain', 'Déodorants']",Vichy,True,False,false,1.0,YEAR,100ml,[],https://courses.monoprix.fr/images-v3/0c44253f-c4a3-4340-9d37-d41e42b9d14a/f56a9918-f561-4887-9d37-50cad0c23227/300x300.jpg
Parapharmacie,80aa0ea7-2685-4268-9d83-11a9980fd227,MPX_3975036,[Para] La Roche-Posay Lipikar Baume AP+M Tube Eco Responsable 200ml,16.5,82.5,"['Parapharmacie', 'Visage', 'Hydratants']",La Roche-Posay,True,False,false,1.0,YEAR,200ml,[],https://courses.monoprix.fr/images-v3/0c44253f-c4a3-4340-9d37-d41e42b9d14a/6b6f68a8-1ff3-4f7e-8d15-12b85ebeeabb/300x300.jpg
Parapharmacie,bbf9e4ff-1f0d-4d10-ad27-bfb250c5a0ff,MPX_805316,[Para] Inava Pierre Fabre Brosse à dents 15/100 Chirurgicale x1,4.29,4.29,"['Parapharmacie', 'Bucco-dentaire', 'Brosses à dents']",PIERRE FABRE ORAL CARE,True,False,false,1.0,YEAR,,[],https://courses.monoprix.fr/images-v3/0c44253f-c4a3-4340-9d37-d41e42b9d14a/242f471a-1789-4efc-a04f-bd3b11a68dc2/300x300.jpg
Parapharmacie,ff3265f1-369d-48aa-b034-93dd2ec6e552,MPX_2263977,[Para] Elmex Dentifrice Sensitive blancheur 75ml,5.25,70.0,"['Parapharmacie', 'Bucco-dentaire', 'Dentifrices']",Elmex,True,False,false,1.0,YEAR,75ml,[],https://courses.monoprix.fr/images-v3/0c44253f-c4a3-4340-9d37-d41e42b9d14a/d9ee71a6-2be4-453a-a938-987821c0760a/300x300.jpg
Parapharmacie,4053ad7b-cc41-47b8-b2f5-4d085a8acc0a,MPX_2219283,[Para] Weleda Gel Dentifrice pour enfant 50ml,5.45,109.0,"['Naturalia', 'Bébé', 'Hygiène et Soins Bébé']",Weleda,True,False,false,6.0,MONTH,50ml,[],https://courses.monoprix.fr/images-v3/0c44253f-c4a3-4340-9d37-d41e42b9d14a/d2218212-86a3-46cb-b901-a2e672f493b1/300x300.jpg
Parapharmacie,e53c95f7-c2b2-4821-ac61-3b37c0ea238f,MPX_2355637,"[Para] La Roche-Posay Cicaplast lèvres baume barrière réparateur 7,5ml",7.19,958.67,"['Parapharmacie', 'Corps et Bain', 'Soins des mains, pieds et lèvres']",La Roche-Posay,True,False,false,1.0,YEAR,7.5ml,[],https://courses.monoprix.fr/images-v3/0c44253f-c4a3-4340-9d37-d41e42b9d14a/cb28fb91-713d-4be2-85eb-a66a41b9bfcd/300x300.jpg
Parapharmacie,a223be6f-63f1-46ff-9d8f-274a6340b6c4,MPX_3070206,[Para] Puressentiel Huile essentielle Lavande Aspic Bio 10ml,7.49,749.0,"['Parapharmacie', 'Aromathérapie', 'Aromathérapie']",PURESSENTIEL,True,False,false,1.0,YEAR,10ml,['Produit bio'],https://courses.monoprix.fr/images-v3/0c44253f-c4a3-4340-9d37-d41e42b9d14a/45e78892-e793-431d-8504-c2a0aa5dc730/300x300.jpg
Parapharmacie,f69c3987-b287-4d28-bf96-0d059f9d9db9,MPX_3292009,[Para] Liniderm Liniment Oléo-Calcaire 480ml,10.9,22.71,"['Parapharmacie', 'Bébé et Maman', 'Soins Bébé']",Gilbert,True,False,false,2.0,MONTH,480ml,[],https://courses.monoprix.fr/images-v3/0c44253f-c4a3-4340-9d37-d41e42b9d14a/759b3afe-56f5-4f8d-ad42-558d9d5dc79a/300x300.jpg
Parapharmacie,2d3db689-a502-48fe-ab6a-7f6f2d7a088b,MPX_2201831,[Para] Elmex Sensitive Professional Brosse à Dents Extra Souple x2,6.89,3.45,"['Parapharmacie', 'Bucco-dentaire', 'Brosses à dents']",Elmex,True,False,false,,,2 par pack,[],https://courses.monoprix.fr/images-v3/0c44253f-c4a3-4340-9d37-d41e42b9d14a/d84ca54f-325a-4131-8a25-0a3c9a8dffd6/300x300.jpg
Parapharmacie,a6f13f5f-85dd-411f-a6bb-f5e7d6d7a9b0,MPX_17108,[Para] Klorane  Shampoing Extra-doux au lait d’Avoine  200ml,7.39,36.95,"['Parapharmacie', 'Capillaire', 'Shampoings']",KLORANE,True,False,false,1.0,YEAR,200ml,[],https://courses.monoprix.fr/images-v3/0c44253f-c4a3-4340-9d37-d41e42b9d14a/377611fc-9852-4304-84d4-ff99ed086208/300x300.jpg
Parapharmacie,6ba9664b-b1e0-4695-8643-2a576bbd67cf,MPX_4196398,[Para] Klorane Shampoing à l'Ortie Bio Séborégulateur Cheveux Gras 200ml,7.39,36.95,"['Parapharmacie', 'Capillaire', 'Shampoings']",KLORANE,True,False,false,1.0,YEAR,200ml,[],https://courses.monoprix.fr/images-v3/0c44253f-c4a3-4340-9d37-d41e42b9d14a/ee369147-9302-4fa8-8175-084080567594/300x300.jpg
Parapharmacie,409fbe66-7cc5-4219-becd-e97ae16f54d3,MPX_2613640,[Para] Bioderma Atoderm Intensive Gel Moussant 500ml,11.5,23.0,"['Parapharmacie', 'Corps et Bain', 'Douche et bain']",Bioderma,True,False,false,1.0,YEAR,500ml,[],https://courses.monoprix.fr/images-v3/0c44253f-c4a3-4340-9d37-d41e42b9d14a/a39469c3-dc9b-434a-b3eb-eb359db6c89e/300x300.jpg
Parapharmacie,a0c60dc1-53fd-46a8-9e53-86784b8cd137,MPX_726771,[Para] Klorane Shampoing Douceur & Tenue au Lait d’Amande Tous Types de Cheveux 400ml,11.9,29.75,"['Parapharmacie', 'Capillaire', 'Shampoings']",KLORANE,True,False,false,,,400ml,[],https://courses.monoprix.fr/images-v3/0c44253f-c4a3-4340-9d37-d41e42b9d14a/89355f73-3241-403a-9047-ffc7f42d82ef/300x300.jpg
Parapharmacie,7354b2d5-6c22-40cc-947c-50290156c7cc,MPX_3823698,[Para] Mustela Gel Lavant à l’Huile d’Olive sans Parfum Bio 400ml,12.9,32.25,"['Bébé', 'Bébé bio', 'Couche écologique et Soin bio', 'Soin bio']",Mustela,True,False,false,,,400ml,[],https://courses.monoprix.fr/images-v3/0c44253f-c4a3-4340-9d37-d41e42b9d14a/d89efecd-4742-43b2-8720-ecb8b5875fef/300x300.jpg
Parapharmacie,e6beaf5a-c3df-4e56-ba7b-d42f2fa7f12b,MPX_2441710,[Para] Bioderma Nodé P Shampooing Antipelliculaire Normalisant 400ml,12.9,32.25,"['Parapharmacie', 'Capillaire', 'Shampoings']",Bioderma,True,False,false,1.0,YEAR,400ml,[],https://courses.monoprix.fr/images-v3/0c44253f-c4a3-4340-9d37-d41e42b9d14a/3fb69cb2-8705-4684-822f-201472be7794/300x300.jpg
Parapharmacie,b35506da-2552-42c3-9348-04e678043a87,MPX_2900657,[Para] Rogé Cavaillès Lait Bain Douche Lait de Figue 1L,12.9,12.9,"['Parapharmacie', 'Corps et Bain', 'Douche et bain']",Rogé Cavaillès,True,False,false,,,1L,[],https://courses.monoprix.fr/images-v3/0c44253f-c4a3-4340-9d37-d41e42b9d14a/d37bce94-28ea-4136-bacb-0c586779482b/300x300.jpg
Parapharmacie,3cedef46-0c73-4ce5-9b5d-27294d3a2c8a,MPX_1726553,[Para] Avène Eau Thermale Hydrance UV Riche Crème Hydratante 40ml,16.9,422.5,"['Parapharmacie', 'Visage', 'Hydratants']",EAU THERMALE AVENE,True,False,false,1.0,YEAR,40ml,[],https://courses.monoprix.fr/images-v3/0c44253f-c4a3-4340-9d37-d41e42b9d14a/77bf2060-18c8-4544-b13d-6b4b57d62e0a/300x300.jpg
Parapharmacie,9579777b-53c4-422f-9acd-48ad810e8179,MPX_2188465,[Para] Avène Eau Thermale Tolérance Control Crème Apaisante Restauratrice Peaux Hypersensibles 40ml,17.9,447.5,"['Parapharmacie', 'Visage', 'Hydratants']",EAU THERMALE AVENE,True,False,false,1.0,YEAR,40ml,[],https://courses.monoprix.fr/images-v3/0c44253f-c4a3-4340-9d37-d41e42b9d14a/2b6f42dc-6de7-4819-af54-52662592390f/300x300.jpg
Parapharmacie,b2e9b169-c293-44d6-a5dd-9be7d1d2e18a,MPX_116959,[Para] Bioderma Créaline H2O sans parfum 250ml,8.09,32.36,"['Parapharmacie', 'Visage', 'Démaquillants et nettoyants visage']",Bioderma,True,False,false,1.0,YEAR,250ml,[],https://courses.monoprix.fr/images-v3/0c44253f-c4a3-4340-9d37-d41e42b9d14a/5bad5fb8-58d0-4d6f-aaf9-d48465fa4377/300x300.jpg
Parapharmacie,79ae984e-b1f9-4d98-9dd2-d1c09a230609,MPX_1276978,[Para] La Roche-Posay Cicaplast gel B5 accélérateur de répartition épidermique 40ml,8.45,211.25,"['Parapharmacie', 'Corps et Bain', 'Cicatrisants']",La Roche-Posay,True,False,false,1.0,YEAR,40ml,[],https://courses.monoprix.fr/images-v3/0c44253f-c4a3-4340-9d37-d41e42b9d14a/f17d38bc-79c7-4dea-b9b1-60f0b9a5e8ca/300x300.jpg
Parapharmacie,0b8f7995-8988-48c9-b952-d14e91a02cef,MPX_2653588,[Para] Jonzac Soin Léger Réhydratant Bio 50ml,13.5,270.0,"['Naturalia', 'Beauté, Hygiène et Huiles essentielles', 'Soins Visage, Corps et Argile']",EAU THERMALE JONZAC,True,False,false,,,50ml,[],https://courses.monoprix.fr/images-v3/0c44253f-c4a3-4340-9d37-d41e42b9d14a/81410b94-d23c-41c2-9828-662ee38abb3d/300x300.jpg
Parapharmacie,d5dd612e-582f-4c99-b5a5-56b7ed2e2227,MPX_2454711,[Para] Melvita Shampooing Douche Extra-Doux Bio 1L,16.9,16.9,"['Parapharmacie', 'Capillaire', 'Shampoings']",Melvita,True,False,false,1.0,YEAR,1L,[],https://courses.monoprix.fr/images-v3/0c44253f-c4a3-4340-9d37-d41e42b9d14a/5701d64c-d214-44f8-904f-8f86f038d99a/300x300.jpg
Parapharmacie,a83da56f-4f89-4087-84bf-a55e168a3c2b,MPX_193816,[Para] Meridol Dentifrice 75ml,4.59,61.2,"['Parapharmacie', 'Bucco-dentaire', 'Dentifrices']",Meridol,True,False,false,6.0,MONTH,75ml,[],https://courses.monoprix.fr/images-v3/0c44253f-c4a3-4340-9d37-d41e42b9d14a/a4dbb054-6b71-492a-a67b-09e96dccc449/300x300.jpg
Parapharmacie,0bf87a34-8f7f-4b38-8916-7323cf0a68a0,MPX_2456749,[Para] Elmex Dentifrice sensitive 100ml,5.65,56.5,"['Parapharmacie', 'Bucco-dentaire', 'Dentifrices']",Elmex,True,False,false,6.0,MONTH,100ml,[],https://courses.monoprix.fr/images-v3/0c44253f-c4a3-4340-9d37-d41e42b9d14a/3db2f084-06a3-4d8d-a394-a320d813d907/300x300.jpg
Parapharmacie,e49611c7-10a9-4437-8c27-5a2274eed988,MPX_5196535,[Para] Meridol Bain de Bouche Soin Complet 400ml,6.19,15.48,"['Parapharmacie', 'Bucco-dentaire', 'Bains de bouche']",Meridol,True,False,false,6.0,MONTH,400ml,[],https://courses.monoprix.fr/images-v3/0c44253f-c4a3-4340-9d37-d41e42b9d14a/9a61bd77-3907-4f94-9fb0-1cf6556295e2/300x300.jpg
Parapharmacie,5daab3c4-9688-41a2-b6e5-361de3beb33d,MPX_3177771,[Para] Fluocaril Dentifrice Dents Sensibles Bi-fluoré 145mg 75ml,6.19,82.53,"['Parapharmacie', 'Bucco-dentaire', 'Dentifrices']",Fluocaril,True,False,false,1.0,YEAR,75ml,[],https://courses.monoprix.fr/images-v3/0c44253f-c4a3-4340-9d37-d41e42b9d14a/cbc386b2-6362-4b9d-bad6-6a0e2b75d496/300x300.jpg
Parapharmacie,daeb47cc-7277-4c8c-b39f-5d19bc4005f9,MPX_1836021,"[Para] La Roche Posay Solution Micellaire Physiologique, Peaux Sensibles 400ml",12.5,31.25,"['Parapharmacie', 'Visage', 'Démaquillants et nettoyants visage']",La Roche-Posay,True,False,false,1.0,YEAR,400ml,[],https://courses.monoprix.fr/images-v3/0c44253f-c4a3-4340-9d37-d41e42b9d14a/b61235ee-1b25-448e-9af4-c47d283de6aa/300x300.jpg
Parapharmacie,7742d2e9-cf0c-470b-a2df-65f5419dc4eb,MPX_3177218,[Para] Eau Thermale Avène Cleanance  HYDRA Crème apaisante peaux desséchées et irritées par traitements 40ml,12.9,322.5,"['Parapharmacie', 'Visage', 'Hydratants']",EAU THERMALE AVENE,True,False,false,1.0,YEAR,40ml,[],https://courses.monoprix.fr/images-v3/0c44253f-c4a3-4340-9d37-d41e42b9d14a/f8d0044b-7819-4697-8acf-17cbc70ca49e/300x300.jpg
Parapharmacie,fe325d53-d677-4a63-8c57-79d978b3a8de,MPX_1627696,[Para] La Roche Posay Lotion Apaisante Physiologique 200ml,14.5,72.5,"['Parapharmacie', 'Visage', 'Hydratants']",La Roche-Posay,True,False,false,1.0,YEAR,200ml,[],https://courses.monoprix.fr/images-v3/0c44253f-c4a3-4340-9d37-d41e42b9d14a/53362513-1713-495d-91e0-17593fbf26bd/300x300.jpg
Produits de la Mer,e6a8d869-9d4a-4c6a-af7e-de149cc60924,MPX_4043242,Labeyrie Saumon Atlantique Fumé Bio 110g,9.49,86.27,"['Produits de la Mer', 'Traiteur de la Mer', 'Saumons et truites fumées']",Labeyrie,True,False,false,1.0,WEEK,110g,['Produit bio'],https://courses.monoprix.fr/images-v3/0c44253f-c4a3-4340-9d37-d41e42b9d14a/d45feaef-5647-47c5-b4fd-22fcbc478f19/300x300.jpg
Produits de la Mer,70f249b2-6165-4ff7-b709-135256d6a7bf,MPX_145069,Blini Tarama aux œufs de cabillaud 100g,1.59,15.9,"['Epicerie Salée', 'Produit apéritif', 'Tartinable et Produit de la Mer', 'Houmous et Tarama']",Blini,True,False,false,1.0,WEEK,100g,[],https://courses.monoprix.fr/images-v3/0c44253f-c4a3-4340-9d37-d41e42b9d14a/8fe9fe58-e803-4bfc-9f95-cff6e3cbf837/300x300.jpg
Produits de la Mer,ae504656-0405-4bec-96da-b1681bdd7d7a,MPX_3612206,"Atelier Blini, Blinis Bio X8 160G",3.19,19.94,"['Pain et Viennoiserie', 'Toast, Canapé et Blini', 'Blini']",Atelier blini,True,False,false,1.0,WEEK,160g,['Produit bio'],https://courses.monoprix.fr/images-v3/0c44253f-c4a3-4340-9d37-d41e42b9d14a/51d25696-96f5-48eb-b9c3-788dfa1f9c1a/300x300.jpg
Produits de la Mer,2c18683a-408a-4614-959b-5acb24c87ee0,MPX_2575305,Labeyrie Saumon Fumé Le Norvège 75G,5.75,76.67,"['Produits de la Mer', 'Traiteur de la Mer', 'Saumons et truites fumées']",Labeyrie,True,False,false,6.0,DAY,75g,[],https://courses.monoprix.fr/images-v3/0c44253f-c4a3-4340-9d37-d41e42b9d14a/36b0c6de-92c4-4ba8-a1d8-0150a9ea9f82/300x300.jpg
Produits de la Mer,8ad7e179-e69b-4acd-aad6-3dadfacb3579,MPX_3046937,Coraya bâtonnets de surimi et sauce mayonnaise 210g,3.69,17.57,"['Produits de la Mer', 'Traiteur de la Mer', 'Surimis']",Coraya,True,False,false,1.0,WEEK,210g,[],https://courses.monoprix.fr/images-v3/0c44253f-c4a3-4340-9d37-d41e42b9d14a/c0a960cd-01d9-47bd-be6c-a21074483ae7/300x300.jpg
Produits de la Mer,ddf4bbad-1867-4256-a5c7-fe6b0fff5df9,MPX_6672346,Blini Tzatziki 100g,0.99,9.9,"['Noël', 'Promos de Noël', ""Promos repas festif,\xa0jusqu'à 50% sur le 2ème sur une sélection festive""]",Blini,True,False,false,1.0,WEEK,100g,['Produit végétarien'],https://courses.monoprix.fr/images-v3/0c44253f-c4a3-4340-9d37-d41e42b9d14a/8cd84ee0-b97a-4e84-a69b-244fe3322004/300x300.jpg
Produits de la Mer,571990da-bb08-49f9-b682-a9425257d0b8,MPX_3954652,Guyader Terrine au saumon et saumon fumé x2 120g,3.89,32.42,"['Produits de la Mer', 'Traiteur de la Mer', 'Tartinable, Blini et Œufs']",Guyader,True,False,false,1.0,WEEK,120g,[],https://courses.monoprix.fr/images-v3/0c44253f-c4a3-4340-9d37-d41e42b9d14a/864fc72a-5ee4-4721-a63b-26c180702ac2/300x300.jpg
Produits de la Mer,1f706668-d71d-418a-8020-b6f88ca253b5,MPX_3179652,L'Atelier Blini 16 Blinis Cocktail Bio 135G,3.29,24.37,"['Pain et Viennoiserie', 'Toast, Canapé et Blini', 'Blini']",Atelier de blini,True,False,false,1.0,WEEK,135g,['Produit bio'],https://courses.monoprix.fr/images-v3/0c44253f-c4a3-4340-9d37-d41e42b9d14a/56137beb-c6e9-4f9d-93ad-ef2b2be4efe1/300x300.jpg
Produits de la Mer,551c057f-333b-4e85-bd23-48e9b4a618ab,MPX_3046936,Coraya Mini Bâtonnets De Surimi + Sauce Cocktail X20,3.69,17.57,"['Produits de la Mer', 'Traiteur de la Mer', 'Surimis']",Coraya,True,False,false,1.0,WEEK,210g,[],https://courses.monoprix.fr/images-v3/0c44253f-c4a3-4340-9d37-d41e42b9d14a/ed619c2a-d820-4a06-a552-6f26747a9cb6/300x300.jpg
Produits de la Mer,5b395eb8-c8d1-49ad-be57-0fa2aea49373,MPX_1528065,Coraya l'Original Bâtonnets de Surimi 180g,2.75,15.28,"['Produits de la Mer', 'Traiteur de la Mer', 'Surimis']",Coraya,True,False,false,1.0,WEEK,180g,[],https://courses.monoprix.fr/images-v3/0c44253f-c4a3-4340-9d37-d41e42b9d14a/379562f0-4480-4fea-a0f5-beba38cb1ca9/300x300.jpg
Produits de la Mer,4f864034-e84c-4d7e-9f5a-571d08d47f78,MPX_6672345,Blini Houmous 100g,1.15,11.5,"['Noël', 'Promos de Noël', ""Promos repas festif,\xa0jusqu'à 50% sur le 2ème sur une sélection festive""]",Blini,True,False,false,1.0,WEEK,100g,['Produit végétarien'],https://courses.monoprix.fr/images-v3/0c44253f-c4a3-4340-9d37-d41e42b9d14a/81b5296a-c39a-4e30-8c90-a5f1da71b791/300x300.jpg
Produits de la Mer,d2b94959-8ef2-45fd-9496-161eeaab1df4,MPX_2353699,Delpierre Crevettes Décortiquées 180G,7.0,38.89,"['Noël', 'Promos de Noël', ""Promos repas festif,\xa0jusqu'à 50% sur le 2ème sur une sélection festive""]",Delpierre,True,False,false,5.0,DAY,180g,[],https://courses.monoprix.fr/images-v3/0c44253f-c4a3-4340-9d37-d41e42b9d14a/af3791ac-3970-4b1e-ae1e-ab4d49c07d3e/300x300.jpg
Produits de la Mer,1f708928-d9a7-4288-a373-77d81ddce108,MPX_145067,Blini Tarama aux œufs de cabillaud 250g,4.29,17.16,"['Epicerie Salée', 'Produit apéritif', 'Tartinable et Produit de la Mer', 'Houmous et Tarama']",Blini,True,False,false,1.0,WEEK,250g,[],https://courses.monoprix.fr/images-v3/0c44253f-c4a3-4340-9d37-d41e42b9d14a/1fd4c53b-9f0f-4c04-834e-a381e1766db9/300x300.jpg
Produits de la Mer,9b48cb00-5204-4350-938f-4d0bf2d24fe1,MPX_2079348,Les Délices Du Chef Blinis Medium 160G,1.75,10.94,"['Pain et Viennoiserie', 'Toast, Canapé et Blini', 'Blini']",-,True,False,false,2.0,WEEK,160g,[],https://courses.monoprix.fr/images-v3/0c44253f-c4a3-4340-9d37-d41e42b9d14a/b09c539e-ea8b-47bb-8194-7e28736075eb/300x300.jpg
Produits de la Mer,2e11c38b-1b49-4152-95ff-b27d1c776ad9,MPX_5764681,Monoprix Dés De Saumon Fumé Mariné Citron & Poivre 100G,4.0,40.0,"['Noël', 'Promos de Noël', ""Promos repas festif,\xa0jusqu'à 50% sur le 2ème sur une sélection festive""]",SAVOIR FAIRE QUALITE,True,False,false,1.0,WEEK,100g,[],https://courses.monoprix.fr/images-v3/0c44253f-c4a3-4340-9d37-d41e42b9d14a/97510cfc-f88f-42eb-a915-853d8682b2eb/300x300.jpg
Produits de la Mer,2dcf458b-8ea6-4563-80ef-af167dcdab7f,MPX_2020548,Safa Coeur De Saumon Fumé Norvège 150g,12.5,83.33,"['Noël', 'Promos de Noël', ""Promos repas festif,\xa0jusqu'à 50% sur le 2ème sur une sélection festive""]",Safa,True,False,false,1.0,WEEK,150g,[],https://courses.monoprix.fr/images-v3/0c44253f-c4a3-4340-9d37-d41e42b9d14a/a85ecc2d-3887-4a46-99c1-7b85e6e5bc07/300x300.jpg
Produits de la Mer,473bf29a-463a-44bf-8e07-1e7738fc079c,MPX_3609968,Monoprix Gourmet Rillettes de Saumon D'Ecosse Au Saumon Fumé 100g,3.89,38.9,"['Epicerie Salée', 'Produit apéritif', 'Tartinable et Produit de la Mer', 'Rillette de la mer']",Monoprix Gourmet,True,False,false,1.0,YEAR,100g,[],https://courses.monoprix.fr/images-v3/0c44253f-c4a3-4340-9d37-d41e42b9d14a/3122e27c-fed8-4998-b473-058a078bedc6/300x300.jpg
Produits de la Mer,be027dab-34e4-4974-aa9c-79225e327bd1,MPX_5950102,Maison Briau les empanadas au saumon fumé 160g,3.99,24.94,"['Produits de la Mer', 'Traiteur de la Mer', 'Saumons et truites fumées']",Maison Briau,True,False,false,1.0,WEEK,160g,[],https://courses.monoprix.fr/images-v3/0c44253f-c4a3-4340-9d37-d41e42b9d14a/04050f6e-4f23-4444-862f-c311e6cb2b50/300x300.jpg
Produits de la Mer,4d4e32fd-6bcf-4ae7-a9df-3962e20d3a2c,MPX_5764682,Monoprix Dés de Saumon Fumé Mariné Ciboulette Persil 100g,4.0,40.0,"['Noël', 'Promos de Noël', ""Promos repas festif,\xa0jusqu'à 50% sur le 2ème sur une sélection festive""]",Monoprix,True,False,false,1.0,WEEK,100g,[],https://courses.monoprix.fr/images-v3/0c44253f-c4a3-4340-9d37-d41e42b9d14a/486e6f7b-f72c-465c-91b5-0c8330b4fa21/300x300.jpg
Produits de la Mer,69329e21-6e8e-408e-882c-ccf2fdba5050,MPX_6615092,Fjord King dès de saumon aneth façon gravlax 100g,4.0,40.0,"['Noël', 'Promos de Noël', ""Promos repas festif,\xa0jusqu'à 50% sur le 2ème sur une sélection festive""]",Fjord King,True,False,false,1.0,WEEK,100g,[],https://courses.monoprix.fr/images-v3/0c44253f-c4a3-4340-9d37-d41e42b9d14a/9b7744a6-5511-42ca-8fb4-050867f1f2dc/300x300.jpg
Produits de la Mer,5471850b-f035-4ba0-b6b3-248a194ce250,MPX_1419914,Les Délices Du Chef Mini Blinis 135g,1.99,14.74,"['Pain et Viennoiserie', 'Toast, Canapé et Blini', 'Blini']",-,True,False,false,1.0,WEEK,135g,[],https://courses.monoprix.fr/images-v3/0c44253f-c4a3-4340-9d37-d41e42b9d14a/f226f936-4a8e-4c86-a41d-6b70f1b65667/300x300.jpg
Produits de la Mer,a6174c37-3a61-476e-bd9c-a14bef7c82e1,MPX_6779773,Labeyrie Saumon de Laponie Dégustation *6 Tranches 205g,12.5,60.98,"['Noël', 'Promos de Noël', ""Promos repas festif,\xa0jusqu'à 50% sur le 2ème sur une sélection festive""]",Labeyrie,True,False,false,1.0,WEEK,205g,[],https://courses.monoprix.fr/images-v3/0c44253f-c4a3-4340-9d37-d41e42b9d14a/f2ee759a-e8ca-49bd-8d19-7b7c054d5174/300x300.jpg
Produits de la Mer,d2b77b14-4d16-42d4-a04f-f765ca4ef14e,MPX_6747415,Jean Larnaudie saumon fumé d'Ecosse 4 tranches minimum 110g,8.39,76.27,"['Noël', 'Promos de Noël', ""Promos repas festif,\xa0jusqu'à 50% sur le 2ème sur une sélection festive""]",Jean Larnaudie,True,False,false,1.0,WEEK,110g,[],https://courses.monoprix.fr/images-v3/0c44253f-c4a3-4340-9d37-d41e42b9d14a/0300450f-e533-484f-a13a-9fd63ee51353/300x300.jpg
Produits de la Mer,b7cf1c0d-3f80-48dc-bb23-bc26989d1588,MPX_3959771,Labeyrie Œufs De Lompe Rouges En Pot De 80G,4.99,62.38,"['Produits de la Mer', 'Traiteur de la Mer', 'Tartinable, Blini et Œufs']",Labeyrie,True,False,false,2.0,MONTH,80g,[],https://courses.monoprix.fr/images-v3/0c44253f-c4a3-4340-9d37-d41e42b9d14a/500624d3-abf8-497f-bb29-52595b9b1b70/300x300.jpg
Produits de la Mer,58183d3d-8b5e-4520-bdc4-b578010ecde9,MPX_3959773,Labeyrie Œufs de lompe noirs en pot 80g,4.99,62.38,"['Produits de la Mer', 'Traiteur de la Mer', 'Tartinable, Blini et Œufs']",Labeyrie,True,False,false,2.0,MONTH,80g,[],https://courses.monoprix.fr/images-v3/0c44253f-c4a3-4340-9d37-d41e42b9d14a/b85d4298-9afd-445d-ab53-cc393b31e571/300x300.jpg
Produits de la Mer,b365720f-36d0-4e07-802a-c479ec42cdfe,MPX_2426282,Labeyrie Saumon fumé Cercle Polaire Grandes origines 130g,8.39,64.54,"['Noël', 'Promos de Noël', ""Promos repas festif,\xa0jusqu'à 50% sur le 2ème sur une sélection festive""]",Labeyrie,True,False,false,1.0,WEEK,130g,[],https://courses.monoprix.fr/images-v3/0c44253f-c4a3-4340-9d37-d41e42b9d14a/bc18ecf8-26a7-402d-b38e-ec1d7bcc5015/300x300.jpg
Produits de la Mer,4f8f8b28-f54b-4ed3-be05-d2c4f19ea30b,MPX_3524254,Labeyrie saumon atlantique d’écossé fumé 120g,8.99,74.92,"['Noël', 'Promos de Noël', ""Promos repas festif,\xa0jusqu'à 50% sur le 2ème sur une sélection festive""]",Labeyrie,True,False,false,1.0,WEEK,120g,[],https://courses.monoprix.fr/images-v3/0c44253f-c4a3-4340-9d37-d41e42b9d14a/e723a3cf-76a7-449e-aae8-abebbc1189d4/300x300.jpg
Produits de la Mer,d88914e4-8b2b-4c10-9f2d-dcc938ff40f7,MPX_4231385,Blini Blini Tarama Saumon Offre Découverte 255 g,3.45,13.53,"['Noël', 'Promos de Noël', ""Promos repas festif,\xa0jusqu'à 50% sur le 2ème sur une sélection festive""]",Blini,True,False,false,1.0,WEEK,255g,[],https://courses.monoprix.fr/images-v3/0c44253f-c4a3-4340-9d37-d41e42b9d14a/0d56dccc-aa1e-4be0-acd3-855a113d2200/300x300.jpg
Produits de la Mer,4c7f7174-3f74-4366-9bd8-ee33236e7e8d,MPX_6779774,Delpeyrat Pétales de Saumon Fumé Nature Fumage Traditionnel 160g,10.9,68.13,"['Noël', 'Promos de Noël', ""Promos repas festif,\xa0jusqu'à 50% sur le 2ème sur une sélection festive""]",Delpeyrat,True,False,false,1.0,WEEK,160g,[],https://courses.monoprix.fr/images-v3/0c44253f-c4a3-4340-9d37-d41e42b9d14a/c55bdb63-feb4-48f7-92d8-a12fe1d7511f/300x300.jpg
Produits de la Mer,b68c4b9d-daf9-4290-88b7-74ee69e63a8b,MPX_3959718,Labeyrie Œufs de saumon sauvage d'Alaska 80g,14.9,186.25,"['Produits de la Mer', 'Traiteur de la Mer', 'Tartinable, Blini et Œufs']",Labeyrie,True,False,false,2.0,MONTH,80g,[],https://courses.monoprix.fr/images-v3/0c44253f-c4a3-4340-9d37-d41e42b9d14a/eef17bc7-201e-4067-b0b2-822018525598/300x300.jpg
Produits de la Mer,b0258c3d-d10b-4df5-af04-8454265fee29,MPX_6460028,Labeyrie Caviar Oscietre Grande Réserve 20g,24.99,1249.5,"['Produits de la Mer', 'Traiteur de la Mer', 'Tartinable, Blini et Œufs']",Labeyrie,True,False,false,4.0,WEEK,20g,[],https://courses.monoprix.fr/images-v3/0c44253f-c4a3-4340-9d37-d41e42b9d14a/6c68c462-86c1-431c-9e49-cc4e2fbb144b/300x300.jpg
Produits de la Mer,5e5f697b-7768-4a5c-a01e-fb4bd9e917d8,MPX_6747413,Jean Larnaudie saumon fumé Norvege 4 tranches minimum 120g,8.39,69.92,"['Noël', 'Promos de Noël', ""Promos repas festif,\xa0jusqu'à 50% sur le 2ème sur une sélection festive""]",Jean Larnaudie,True,False,false,1.0,WEEK,120g,[],https://courses.monoprix.fr/images-v3/0c44253f-c4a3-4340-9d37-d41e42b9d14a/34f37db3-37ec-4bc1-9b99-35975edb2d8e/300x300.jpg
Produits de la Mer,56da4ca7-6310-4c64-bfe9-a86366b5c67b,MPX_6747414,Jean Larnaudie saumon fumé cercle Arctique 4 tranches minimum 110g,8.49,77.18,"['Noël', 'Promos de Noël', ""Promos repas festif,\xa0jusqu'à 50% sur le 2ème sur une sélection festive""]",Jean Larnaudie,True,False,false,1.0,WEEK,110g,[],https://courses.monoprix.fr/images-v3/0c44253f-c4a3-4340-9d37-d41e42b9d14a/c46bb8ca-b689-4ae7-bcf6-020427433e00/300x300.jpg
Produits de la Mer,6bf1b9e2-de74-4c35-9d75-8dc80b295d56,MPX_6779775,Delpeyrat Pétales de Saumon Fumé Sésame Pavot 160g,10.9,68.13,"['Noël', 'Promos de Noël', ""Promos repas festif,\xa0jusqu'à 50% sur le 2ème sur une sélection festive""]",Delpeyrat,True,False,false,1.0,WEEK,160g,[],https://courses.monoprix.fr/images-v3/0c44253f-c4a3-4340-9d37-d41e42b9d14a/67988d03-44ef-4524-a75d-4a3c662fae18/300x300.jpg
Produits de la Mer,d3231172-6e71-4ce1-b772-dba58412e2f3,MPX_2653975,Monoprix Bio Crevettes cuites décortiquées 100g,4.69,46.9,"['Produits de la Mer', 'Poissonnerie', 'Crevettes et crustacés']",Monoprix Bio,True,False,false,5.0,DAY,100g,['Produit bio'],https://courses.monoprix.fr/images-v3/0c44253f-c4a3-4340-9d37-d41e42b9d14a/63af0662-e290-4391-b886-b8a5a3f2db2d/300x300.jpg
Produits de la Mer,49a80bb9-a159-44cb-8a31-a200c88df49c,MPX_1561154,Monoprix Gourmet Emincés Saumon Fumé aux 5 Baies 100g,6.99,69.9,"['Produits de la Mer', 'Traiteur de la Mer', 'Saumons et truites fumées']",Monoprix Gourmet,True,False,false,1.0,WEEK,100g,[],https://courses.monoprix.fr/images-v3/0c44253f-c4a3-4340-9d37-d41e42b9d14a/479d8c95-6b75-46ed-b41d-4f74367b8d43/300x300.jpg
Produits de la Mer,7398f9fc-e36a-489b-ace8-01b5c305c805,MPX_2575293,Ovive Truite Fumée Pyrénées 4 Tranches 120G,6.99,58.25,"['Produits de la Mer', 'Traiteur de la Mer', 'Saumons et truites fumées']",Ovive,True,False,false,1.0,WEEK,120g,[],https://courses.monoprix.fr/images-v3/0c44253f-c4a3-4340-9d37-d41e42b9d14a/e3fa481e-b364-4f1d-94a4-202c1ac88da1/300x300.jpg
Produits de la Mer,84674258-5bdc-4f66-93e0-a976c7d42ff2,MPX_1332766,Monoprix Truite Fumée 4 tranches 120g,5.49,45.75,"['Produits de la Mer', 'Traiteur de la Mer', 'Saumons et truites fumées']",Monoprix,True,False,false,6.0,DAY,120g,[],https://courses.monoprix.fr/images-v3/0c44253f-c4a3-4340-9d37-d41e42b9d14a/291f8c90-d7bc-471e-9c7b-451fcc3f7314/300x300.jpg
Produits de la Mer,6de5b9fa-f270-4f10-aa92-c53f4dc3777d,MPX_6612802,Labeyrie saumon atlantique Le Norvège 4 tranches 130g,8.49,65.31,"['Produits de la Mer', 'Traiteur de la Mer', 'Saumons et truites fumées']",Labeyrie,True,False,false,1.0,WEEK,130g,[],https://courses.monoprix.fr/images-v3/0c44253f-c4a3-4340-9d37-d41e42b9d14a/bd89b3b8-80af-4a16-a3a1-18dc5455824b/300x300.jpg
Produits de la Mer,587f800b-413d-46c1-9e90-a2f0bbbaab0b,MPX_1773521,Monoprix Gourmet Gambas décortiquées 110g,5.99,54.45,"['Noël', 'Menu des fêtes', 'Les Apéritifs festifs']",Monoprix Gourmet,True,False,false,5.0,DAY,110g,[],https://courses.monoprix.fr/images-v3/0c44253f-c4a3-4340-9d37-d41e42b9d14a/b999ec29-cefe-42ae-9a69-3c657d1cd9e4/300x300.jpg
Produits de la Mer,41289617-e738-46fc-8c26-61fd360bddd3,MPX_4211748,Monoprix Gourmet Saumon ficel Island 4 tranches 160g,9.29,58.06,"['Produits de la Mer', 'Traiteur de la Mer', 'Saumons et truites fumées']",Monoprix Gourmet,True,False,false,1.0,WEEK,160g,[],https://courses.monoprix.fr/images-v3/0c44253f-c4a3-4340-9d37-d41e42b9d14a/a2fafaa7-6b81-4331-9385-c6e8c7211858/300x300.jpg
Produits de la Mer,5c2c6df4-52b6-4e8f-ab0a-c54334e0a8b0,MPX_2223036,Delicemer Tartinable Saumon Fumé 120g,3.95,32.92,"['Epicerie Salée', 'Produit apéritif', 'Tartinable et Produit de la Mer', 'Tapenade et Autre Tartinable']",Delicemer,True,False,false,1.0,WEEK,120g,[],https://courses.monoprix.fr/images-v3/0c44253f-c4a3-4340-9d37-d41e42b9d14a/c3a25290-8851-4274-850c-458dfc6efa40/300x300.jpg
Produits de la Mer,95f9b667-3fe2-4be5-9220-a4a71f93b795,MPX_1489271,Conserveries Provençales Crème D'Anchois À L'Huile D'Olive 100g,1.79,17.9,"['Nos régions de France', 'Paca', 'Provence']",Conserveries Provençales,True,False,false,2.0,MONTH,100g,[],https://courses.monoprix.fr/images-v3/0c44253f-c4a3-4340-9d37-d41e42b9d14a/20611496-5f1b-4562-97e9-c75b8c4441b6/300x300.jpg
Produits de la Mer,240e5f56-654e-4f04-9788-262ba0fedb94,MPX_4337864,Monoprix Gourmet Tartinade de tomates cerise 150g,3.49,23.27,"['Epicerie Salée', 'Produit apéritif', 'Tartinable et Produit de la Mer', 'Tapenade et Autre Tartinable']",Monoprix Gourmet,True,False,false,3.0,WEEK,150g,[],https://courses.monoprix.fr/images-v3/0c44253f-c4a3-4340-9d37-d41e42b9d14a/5bc181d1-acd3-45a8-8541-f14db7558c22/300x300.jpg
Produits de la Mer,c4ad827e-e6ea-4c6e-8a73-13874c5eeff8,MPX_6674174,I piscatura filets d'anchois câpres à l'huile d'olive aux câpres 52g,5.89,113.27,"['Produits du monde', 'Italie - Italia', 'Gressin, Tartinable et Condiment']",I Piscatura,True,False,false,6.0,MONTH,52g,[],https://courses.monoprix.fr/images-v3/0c44253f-c4a3-4340-9d37-d41e42b9d14a/cd09038e-f6b7-4672-85ac-48951c724165/300x300.jpg
Produits de la Mer,fd5159db-7f22-43d4-bace-c1543054fec0,MPX_3170919,Crevettes Décortiqués Aux Herbes 200g,9.4,39.99,"['Produits de la Mer', 'Poissonnerie', 'Les poissons frais']",Mericq,True,False,false,2.0,DAY,235,[],https://courses.monoprix.fr/images-v3/0c44253f-c4a3-4340-9d37-d41e42b9d14a/5481da9c-d189-467a-b6dc-b25e3ea53458/300x300.jpg
Produits de la Mer,f08a580e-dc2c-4303-be69-23e382edde8a,MPX_3778275,Delpierre Crevette Deco Nat 240G,11.5,47.92,"['Produits de la Mer', 'Poissonnerie', 'Crevettes et crustacés']",Delpierre,True,False,false,5.0,DAY,240g,[],https://courses.monoprix.fr/images-v3/0c44253f-c4a3-4340-9d37-d41e42b9d14a/c9071892-467b-48d4-9d35-227945894e8e/300x300.jpg
Produits de la Mer,64715276-22ec-4c8b-a103-5d27e84c3657,MPX_3800262,Sir Edwards Saumon Fume 300G,23.5,78.33,"['Produits de la Mer', 'Traiteur de la Mer', 'Saumons et truites fumées']",SIR EDWARD'S,True,False,false,1.0,WEEK,300g,[],https://courses.monoprix.fr/images-v3/0c44253f-c4a3-4340-9d37-d41e42b9d14a/1e4bca0c-8753-4aa1-80c9-9b5963af6e2e/300x300.jpg
Produits de la Mer,d31fdf88-4b88-4354-b353-01a49ded6b1e,MPX_1122866,La Coca Moules Escabeche 115g,3.59,31.22,"['Produits du monde', 'Espagne - España', 'Epicerie Salée et Sucrée']",La Coca,True,False,false,1.0,YEAR,115g,[],https://courses.monoprix.fr/images-v3/0c44253f-c4a3-4340-9d37-d41e42b9d14a/a9a9c1d6-c45a-4305-829d-8784ff19620e/300x300.jpg
Produits de la Mer,0f21a216-5364-4cf5-ab59-b9626442eed5,MPX_3525334,Miette de Morue Salée 400g,7.95,19.88,"['Produits de la Mer', 'Poissonnerie', 'Filets, pavés de poissons']",-,True,False,false,1.0,WEEK,400g,[],https://courses.monoprix.fr/images-v3/0c44253f-c4a3-4340-9d37-d41e42b9d14a/5cc4d1d6-380a-44be-8b8c-9bb01b6e7559/300x300.jpg
Produits de la Mer,9c8c5741-a6bd-44b9-b49f-43c1aacb4706,MPX_6613648,Les crevettes décortiquées piment espelette 200g,8.0,39.99,"['Produits de la Mer', 'Poissonnerie', 'Crevettes et crustacés']",-,True,False,false,3.0,DAY,200,[],https://courses.monoprix.fr/images-v3/0c44253f-c4a3-4340-9d37-d41e42b9d14a/fdee3aba-6619-4228-b812-9ee843664026/300x300.jpg
Produits de la Mer,c54b3b70-34ef-468c-9e5b-2b7bcb6d0e7f,MPX_3488071,Cruscana Rillettes Thon à l'Artichaut,3.49,34.9,"['Epicerie Salée', 'Produit apéritif', 'Tartinable et Produit de la Mer', 'Rillette de la mer']",Cruscana,True,False,false,1.0,MONTH,100g,[],https://courses.monoprix.fr/images-v3/0c44253f-c4a3-4340-9d37-d41e42b9d14a/f4c60187-db6a-4857-a05e-8301675f98b9/300x300.jpg
Produits de la Mer,00fb10df-a31d-4151-be43-2efcac912a60,MPX_2653980,Monoprix Gourmet Cubes de Saumon Fumé Aneth Arôme naturel de citron 90g,5.99,66.56,"['Produits de la Mer', 'Traiteur de la Mer', 'Saumons et truites fumées']",Monoprix Gourmet,True,False,false,1.0,WEEK,90g,[],https://courses.monoprix.fr/images-v3/0c44253f-c4a3-4340-9d37-d41e42b9d14a/2d9a048e-bb6d-4d9a-adac-b2d2fd0cb954/300x300.jpg
Produits de la Mer,9504e8ec-bf54-48fe-97da-69945e95963c,MPX_2534137,Monoprix Gourmet Crevettes sauvages de Madagascar 400g,16.5,41.25,"['Produits de la Mer', 'Poissonnerie', 'Crevettes et crustacés']",Monoprix Gourmet,True,False,false,2.0,MONTH,400g,['Produit congelé'],https://courses.monoprix.fr/images-v3/0c44253f-c4a3-4340-9d37-d41e42b9d14a/d910c7c1-3758-4cb6-bba1-17dd1df80db9/300x300.jpg
Produits de la Mer,0fb080af-7105-4984-a59c-40f5d90e4454,MPX_6651570,Safa Saumon Fumé d'écosse façon Gravlax 4 tranches 140g,10.9,77.86,"['Produits de la Mer', 'Traiteur de la Mer', 'Saumons et truites fumées']",SAFA,True,False,false,1.0,WEEK,140g,[],https://courses.monoprix.fr/images-v3/0c44253f-c4a3-4340-9d37-d41e42b9d14a/ba3bf175-2695-4925-bae1-673e73233a05/300x300.jpg
Produits de la Mer,c0fc92f1-d6d7-44dc-a698-2dfc9a4594b7,MPX_6614696,Breih Saveur Truite de Bretagne Fumée 2 Tranches 70g,4.0,57.14,"['Produits de la Mer', 'Traiteur de la Mer', 'Saumons et truites fumées']",BREIZH SAVEUR,True,False,false,1.0,WEEK,70g,[],https://courses.monoprix.fr/images-v3/0c44253f-c4a3-4340-9d37-d41e42b9d14a/e6302309-895e-4796-999b-7895b2991aad/300x300.jpg
Produits de la Mer,c843d424-4b70-4e1c-b176-e00386596d26,MPX_3443271,J.C David Soupe de Saumon Bio 780g,8.99,11.53,"['La Halle', 'La Poissonnerie']",J.C. DAVID,True,False,false,1.0,YEAR,780g,['Produit bio'],https://courses.monoprix.fr/images-v3/0c44253f-c4a3-4340-9d37-d41e42b9d14a/ad39a49e-5169-433a-ad95-b532a06612d7/300x300.jpg
Produits de la Mer,bd17f41a-7518-4d16-83a5-a44c738fd910,MPX_1117201,Groix & Nature Soupe Poissons 525ml,5.99,12.48,"['Produits de la Mer', 'Traiteur de la Mer', 'Soupe de poissons et sauces']",GROIX & NATURE,True,False,false,1.0,YEAR,480g,[],https://courses.monoprix.fr/images-v3/0c44253f-c4a3-4340-9d37-d41e42b9d14a/0de7fa90-6f37-4122-ae1f-cac57a4779ce/300x300.jpg
Produits de la Mer,fdcfdbdb-c8ab-4b05-a723-5e6d90a996a1,MPX_6614938,Breizh Saveurs saumon fumé d'Ecosse 4 tranches 100g,6.0,60.0,"['Produits de la Mer', 'Traiteur de la Mer', 'Saumons et truites fumées']",Breizh Saveurs,True,False,false,1.0,WEEK,100g,[],https://courses.monoprix.fr/images-v3/0c44253f-c4a3-4340-9d37-d41e42b9d14a/faba7582-aca0-4045-b402-b060ee867c50/300x300.jpg
Produits de la Mer,0f0fe43b-591e-47a5-93a2-334746d567a8,MPX_6702889,Monoprix Gourmet Saumon Fumé Norvège Asc *4 Tranches 160g,9.89,0.02,"['Produits de la Mer', 'Traiteur de la Mer', 'Saumons et truites fumées']",Monoprix Gourmet,True,False,false,1.0,WEEK,530000g,[],https://courses.monoprix.fr/images-v3/0c44253f-c4a3-4340-9d37-d41e42b9d14a/19021b47-d307-4149-8480-ff4552ea2f31/300x300.jpg
Produits de la Mer,6f428343-06f6-4d58-ac2e-43c0e976eab4,MPX_5364458,Petit Navire P'Tits Filets de Maquereaux Huile d'Olive Vierge Extra 90g,2.15,23.89,"['Produits de la Mer', 'Poissonnerie', 'Filets, pavés de poissons']",Petit navire,True,False,false,1.0,YEAR,90g,[],https://courses.monoprix.fr/images-v3/0c44253f-c4a3-4340-9d37-d41e42b9d14a/1411d7a8-6a87-4dd4-81f1-d3a55369d217/300x300.jpg
Produits de la Mer,00b61151-279a-4f0b-8921-1c8def4cf62d,MPX_6702888,Monoprix Gourmet Saumon Fumé Norvège Asc *2 Tranches 80g,5.89,0.01,"['Produits de la Mer', 'Traiteur de la Mer', 'Saumons et truites fumées']",Monoprix Gourmet,True,False,false,1.0,WEEK,530000g,[],https://courses.monoprix.fr/images-v3/0c44253f-c4a3-4340-9d37-d41e42b9d14a/45f9f423-ce84-4a48-8370-70fee45ed13f/300x300.jpg
Produits de la Mer,14b31628-3bbe-4bec-9ae8-f9328a1047cf,MPX_1776098,Fjord King Boutargue 200g,20.18,100.88,"['Produits de la Mer', 'Traiteur de la Mer', 'Tartinable, Blini et Œufs']",Fjord King,True,False,false,4.0,WEEK,200,[],https://courses.monoprix.fr/images-v3/0c44253f-c4a3-4340-9d37-d41e42b9d14a/1ff34321-cb08-4709-bd2e-e598c04c4387/300x300.jpg
Produits de la Mer,4c0e6a53-ffc2-4afa-a7ad-9877b795cdfc,MPX_3961501,J.C David Œufs De Cabillaud Fumage Traditionnel 130 G,8.99,69.15,"['La Halle', 'La Poissonnerie']",J.C. DAVID,True,False,false,1.0,DAY,130g,[],https://courses.monoprix.fr/images-v3/0c44253f-c4a3-4340-9d37-d41e42b9d14a/80e3c2d2-4039-413b-a025-e214b91e853e/300x300.jpg
Produits de la Mer,297fefeb-2aa3-4ee9-9ea3-5ab00f1bed6e,MPX_3648287,Poulpe 2 pattes,12.49,62.45,"['Produits de la Mer', 'Poissonnerie', 'Les poissons frais']",NoBrand,True,False,false,6.0,DAY,200g,[],https://courses.monoprix.fr/images-v3/0c44253f-c4a3-4340-9d37-d41e42b9d14a/42ebbaac-f3ff-4c22-b6e1-cee5c15015ba/300x300.jpg
Produits de la Mer,4530be7f-2668-40af-8c5e-871fbdc9d5d7,MPX_6715832,Fleury Michon mini moelleux mayonnaise 21 bâtonnets 230g,3.29,14.3,"['Produits de la Mer', 'Traiteur de la Mer', 'Surimis']",Fleury Michon,True,False,false,1.0,WEEK,230g,[],https://courses.monoprix.fr/images-v3/0c44253f-c4a3-4340-9d37-d41e42b9d14a/30250af9-a4b7-499a-a377-7483ed3a2e1a/300x300.jpg
Produits de la Mer,7120a565-2361-4acb-bd9e-ec058c708339,MPX_6623687,Nature Océane Tarama aux Œufs de Cabillaud 150g,5.04,33.6,"['Produits de la Mer', 'Traiteur de la Mer', 'Tartinable, Blini et Œufs']",NATURE OCEANE,True,False,false,1.0,WEEK,150g,[],https://courses.monoprix.fr/images-v3/0c44253f-c4a3-4340-9d37-d41e42b9d14a/e681f7a9-be1a-439d-92d2-a9d4c69585ec/300x300.jpg
Produits de la Mer,eb3498c2-bc14-473d-b2cc-ccf06684bf2a,MPX_6655827,Saumon Atlantique Fumé Décongelé 4 Tranches 150g,5.49,36.6,"['Produits de la Mer', 'Traiteur de la Mer', 'Saumons et truites fumées']",Autre Marque,True,False,false,1.0,WEEK,150g,[],https://courses.monoprix.fr/images-v3/0c44253f-c4a3-4340-9d37-d41e42b9d14a/e3cfe967-3c9e-4692-97c0-b93989aea35c/300x300.jpg
Produits de la Mer,cd760cf3-80c2-4e49-82d8-4750d14f3711,MPX_6613647,L' Assiette Bleue p'tits croustis de cabillaud et pommes de terre msc 200g,4.9,24.5,"['Produits de la Mer', 'Traiteur de la Mer', 'Poissons panés et cuisinés']",L' Assiette Bleue,True,False,false,1.0,WEEK,200g,[],https://courses.monoprix.fr/images-v3/0c44253f-c4a3-4340-9d37-d41e42b9d14a/c4b04555-be75-4aa9-a682-d90e46179033/300x300.jpg
Produits de la Mer,b26215fa-6393-4c9b-9881-f47b05226c57,MPX_6630841,Florelli filets de thon au citron de sicile 195g,6.29,32.26,"['Produits du monde', 'Italie - Italia', 'Gressin, Tartinable et Condiment']",Florelli,True,False,false,1.0,YEAR,195g,[],https://courses.monoprix.fr/images-v3/0c44253f-c4a3-4340-9d37-d41e42b9d14a/b28bc66c-1ad0-4185-b25b-08a401827b64/300x300.jpg
Produits de la Mer,37fe81e4-4544-47a5-b923-7b9404c28f6a,MPX_6608806,Fjord king saumon fumé des highlands x4 tranches 140g,9.99,71.36,"['Produits de la Mer', 'Traiteur de la Mer', 'Saumons et truites fumées']",Fjord king,True,False,false,1.0,WEEK,140g,[],https://courses.monoprix.fr/images-v3/0c44253f-c4a3-4340-9d37-d41e42b9d14a/5f28be22-90e8-40cb-9519-ce3dc44c368c/300x300.jpg
Produits de la Mer,20c0dd0a-51bb-42ad-a555-41c651e9aff7,MPX_4472169,Delpierre Queues de Crevettes 300g,8.99,29.97,"['Produits de la Mer', 'Poissonnerie', 'Crevettes et crustacés']",Delpierre,True,False,false,2.0,DAY,300g,[],https://courses.monoprix.fr/images-v3/0c44253f-c4a3-4340-9d37-d41e42b9d14a/53f3f2b5-8976-4a60-8d12-ea1a24f0be25/300x300.jpg
Produits de la Mer,243e8bee-6892-4b79-856c-749bfa8b456f,MPX_6640822,Monoprix Queues de Crevettes Cocktail Semi Décortiquées 200g,8.89,44.45,"['Produits de la Mer', 'Poissonnerie', 'Crevettes et crustacés']",MONOPRIX,True,False,false,6.0,DAY,200g,[],https://courses.monoprix.fr/images-v3/0c44253f-c4a3-4340-9d37-d41e42b9d14a/9f41d191-27c9-4e39-b146-0f43cefb3810/300x300.jpg
Produits de la Mer,521a2fb9-4f20-4c66-bcc6-f835cc94c71e,MPX_2837984,Conserveries Provençales Soupe de Poissons de roche 780g,6.99,8.96,"['Nos régions de France', 'Paca', 'Provence']",Conserveries Provençales,True,False,false,6.0,MONTH,780g,[],https://courses.monoprix.fr/images-v3/0c44253f-c4a3-4340-9d37-d41e42b9d14a/31fa0c79-7aa5-4b1d-8abb-78fb2294721d/300x300.jpg
Produits de la Mer,03179c5c-27cf-4a6c-bd1a-273ff5469e48,MPX_3961525,J.C. David filets de maquereau fumé poivre noir 200g,6.99,34.95,"['Produits de la Mer', 'Poissonnerie', 'Filets, pavés de poissons']",J.C. DAVID,True,False,false,1.0,WEEK,0.2kg,[],https://courses.monoprix.fr/images-v3/0c44253f-c4a3-4340-9d37-d41e42b9d14a/b3ee316e-325a-46d7-9899-9699256959d8/300x300.jpg
Produits de la Mer,b79c159c-0296-49aa-9bdd-66eaa06e1c8c,MPX_1238940,Groix & Nature Rillettes Noix de St Jacques à la Bretonne,5.79,57.9,"['Epicerie Salée', 'Produit apéritif', 'Tartinable et Produit de la Mer', 'Rillette de la mer']",GROIX & NATURE,True,False,false,6.0,MONTH,100g,[],https://courses.monoprix.fr/images-v3/0c44253f-c4a3-4340-9d37-d41e42b9d14a/d130ceaa-0fb2-4c79-bde4-509c42b179d5/300x300.jpg
Produits de la Mer,10d1d7a6-de97-43db-84e1-3ac0a348e9ba,MPX_6668022,Select Marée soupe thai crevette & butternut 1kg,6.49,6.49,"['Fruits & Légumes', 'Soupes & Purées', 'Soupes à réchauffer']",Select Marée,True,False,false,1.0,YEAR,1kg,[],https://courses.monoprix.fr/images-v3/0c44253f-c4a3-4340-9d37-d41e42b9d14a/9adf1e2e-85ed-4af5-ad5f-29b1c322f3c0/300x300.jpg
Produits de la Mer,ce755fb9-6895-4237-aecc-a2a62ec083ab,MPX_2836304,Labeyrie Saumon Fumé Sauvage D'Alaska Pêche À La Ligne Grandes Origines 4 Tranches 120G,8.99,74.92,"['Produits de la Mer', 'Traiteur de la Mer', 'Saumons et truites fumées']",Labeyrie,True,False,false,1.0,WEEK,120g,[],https://courses.monoprix.fr/images-v3/0c44253f-c4a3-4340-9d37-d41e42b9d14a/3c1630d8-f064-4970-af98-3f220d41ddfc/300x300.jpg
Produits de la Mer,03f61e3d-c85e-4bbf-bc44-ed71a3cb40c1,MPX_4210869,Jean Luc Vianey SÖ Le Saumon Fumé Ecosse 2 Tranches 80g,8.99,112.38,"['Produits de la Mer', 'Traiteur de la Mer', 'Saumons et truites fumées']",SÖ,True,False,false,1.0,WEEK,80g,[],https://courses.monoprix.fr/images-v3/0c44253f-c4a3-4340-9d37-d41e42b9d14a/5c94485c-d38c-4a79-ad6e-34fcbe11b196/300x300.jpg
Produits de la Mer,7c5f1511-642e-4e58-ba08-02c0417c8942,MPX_5764684,Monoprix Carpaccio de Saumon de l’Atlantique Fumé 120g,8.99,74.92,"['Produits de la Mer', 'Traiteur de la Mer', 'Saumons et truites fumées']",SAVOIR FAIRE QUALITE,True,False,false,1.0,WEEK,120g,[],https://courses.monoprix.fr/images-v3/0c44253f-c4a3-4340-9d37-d41e42b9d14a/bbd15850-4bcd-40a6-abc4-2fd137ac545d/300x300.jpg
Produits de la Mer,8cc2d5d3-cd30-4cb6-b7af-e01c5ba40c16,MPX_3648487,Carpaccio Poulpe 150g,11.99,79.93,"['Produits de la Mer', 'Poissonnerie', 'Les poissons frais']",NoBrand,True,False,false,6.0,DAY,150g,[],https://courses.monoprix.fr/images-v3/0c44253f-c4a3-4340-9d37-d41e42b9d14a/ffaced19-d650-444c-95a6-eda9e426c1e2/300x300.jpg
Produits de la Mer,456e64c9-1acc-4e80-a93f-93fa93c286bd,MPX_2576606,Groix & Nature Tartare D'Algues,6.09,60.9,"['Produits de la Mer', 'Traiteur de la Mer', 'Tartinable, Blini et Œufs']",GROIX & NATURE,True,False,false,6.0,MONTH,100g,['Produit vegan'],https://courses.monoprix.fr/images-v3/0c44253f-c4a3-4340-9d37-d41e42b9d14a/63b455ce-ca5a-4f49-956c-08dde81704f3/300x300.jpg
Produits de la Mer,38a06ba9-aa09-43c6-ab79-d4a93b4b4140,MPX_3740261,Pulpito 150g,6.99,46.6,"['Produits de la Mer', 'Poissonnerie', 'Les poissons frais']",NoBrand,True,False,false,4.0,WEEK,150g,[],https://courses.monoprix.fr/images-v3/0c44253f-c4a3-4340-9d37-d41e42b9d14a/c34b78b9-a6d1-42da-83a6-0005690e3cf6/300x300.jpg
Produits de la Mer,5eb3b50c-250f-459d-90d4-de90b5bdbdbb,MPX_3073464,Guyader Truite Fumée Caractère De Bretagne 120G,6.79,56.58,"['Produits de la Mer', 'Traiteur de la Mer', 'Saumons et truites fumées']",Guyader,True,False,false,6.0,DAY,120g,[],https://courses.monoprix.fr/images-v3/0c44253f-c4a3-4340-9d37-d41e42b9d14a/b7164476-9e69-4263-99f7-f2beb5c8b07b/300x300.jpg
Produits de la Mer,3f50465c-c045-45b6-9064-de75e362b7a6,MPX_6608807,Fjord king saumon fumé de l'atlantique x4 tranches 140g,8.69,62.07,"['Produits de la Mer', 'Traiteur de la Mer', 'Saumons et truites fumées']",Fjord king,True,False,false,1.0,WEEK,140g,[],https://courses.monoprix.fr/images-v3/0c44253f-c4a3-4340-9d37-d41e42b9d14a/2c60a7aa-5f29-4fcc-ad48-c33a7ef7c13e/300x300.jpg
Produits de la Mer,d884b3d3-3802-4a64-ada1-6e0fc01433e1,MPX_6616468,Monoprix cœur de truite fumée 120g,9.49,79.08,"['Noël', 'Les Pépites de Monoprix pour Noël', 'Les essentiels Monoprix Gourmet']",Monoprix Gourmet,True,False,false,1.0,WEEK,120g,[],https://courses.monoprix.fr/images-v3/0c44253f-c4a3-4340-9d37-d41e42b9d14a/efd31a4f-4134-4225-91c3-1943bf0780c9/300x300.jpg
Produits de la Mer,512c6eca-d2db-4daa-acec-56ca9ea68da7,MPX_4210485,Jean Luc Vianey SÖ Le Saumon Fumé Ecosse 4 tranches 140g,14.5,103.57,"['Produits de la Mer', 'Traiteur de la Mer', 'Saumons et truites fumées']",SÖ,True,False,false,1.0,WEEK,140g,[],https://courses.monoprix.fr/images-v3/0c44253f-c4a3-4340-9d37-d41e42b9d14a/2070fdd0-7534-448f-a61e-b082edc6d3b6/300x300.jpg
Produits de la Mer,c33ea4ca-caef-49b0-9c90-24ce6f92d6f8,MPX_3306384,170G Rillettes De Thon Le Père Eugène,5.35,31.47,"['Epicerie Salée', 'Produit apéritif', 'Tartinable et Produit de la Mer', 'Rillette de la mer']",Le Père Eugène,True,False,false,6.0,MONTH,170g,[],https://courses.monoprix.fr/images-v3/0c44253f-c4a3-4340-9d37-d41e42b9d14a/ac7a1171-9196-40ab-965d-0169d8248645/300x300.jpg
Produits de la Mer,f5970c27-7fa3-4fa9-b5ad-6acc51413ca9,MPX_3524113,Le Père Eugène Rillettes De Sardines 170G,5.85,34.41,"['Epicerie Salée', 'Produit apéritif', 'Tartinable et Produit de la Mer', 'Rillette de la mer']",Le Père Eugène,True,False,false,6.0,MONTH,170g,[],https://courses.monoprix.fr/images-v3/0c44253f-c4a3-4340-9d37-d41e42b9d14a/52ddfe03-89ae-4edb-83f1-9825f80bb721/300x300.jpg
Produits de la Mer,b5e8d6a5-4647-4997-bc33-d523b080e8c0,MPX_3740262,Moules cuite 200g,5.99,29.95,"['Produits de la Mer', 'Poissonnerie', 'Les poissons frais']",NoBrand,True,False,false,2.0,WEEK,200g,[],https://courses.monoprix.fr/images-v3/0c44253f-c4a3-4340-9d37-d41e42b9d14a/8f5d79a9-316d-45b2-ba56-33d7b04952f6/300x300.jpg
Produits de la Mer,d46d4ba0-9a55-4804-a5e8-072c73acde0a,MPX_6565623,Pavé de saumon fumé aux 5 baies 125g,8.99,71.92,"['La Halle', 'La Poissonnerie']",Autre Marque,True,False,false,2.0,DAY,125g,[],https://courses.monoprix.fr/images-v3/0c44253f-c4a3-4340-9d37-d41e42b9d14a/d3da964d-8110-439a-a9d9-58e3c0debb6a/300x300.jpg
Produits de la Mer,6b9114c0-3002-4391-b2cf-e4edc76134cd,MPX_6612895,Coeur de thon fumé élaboré en France 150g,9.99,66.6,"['Produits de la Mer', 'Poissonnerie', 'Filets, pavés de poissons']",-,True,False,false,1.0,WEEK,150g,[],https://courses.monoprix.fr/images-v3/0c44253f-c4a3-4340-9d37-d41e42b9d14a/d9577a83-3666-4f35-8c16-7b8f511b7ca6/300x300.jpg
Produits de la Mer,7c3b2a55-4462-421e-aef3-b2781b9bfdd8,MPX_4233894,Jean Luc Vianey SÖ Le Saumon Fumé 2 tranches Norvège 80g,8.49,106.13,"['Produits de la Mer', 'Traiteur de la Mer', 'Saumons et truites fumées']",Sö le saumon fumé,True,False,false,1.0,WEEK,80g,[],https://courses.monoprix.fr/images-v3/0c44253f-c4a3-4340-9d37-d41e42b9d14a/f463f0be-e2a7-4044-9940-2a1e645fbdfe/300x300.jpg
Produits de la Mer,50c5c63d-4a46-42fa-aae0-b2b169b6ad99,MPX_4210486,Jean Luc Vianey SÖ Le Saumon Fumé Norvège 4 Tranches 140g,13.9,99.29,"['Produits de la Mer', 'Traiteur de la Mer', 'Saumons et truites fumées']",SÖ,True,False,false,1.0,WEEK,140g,[],https://courses.monoprix.fr/images-v3/0c44253f-c4a3-4340-9d37-d41e42b9d14a/175a8ea3-a629-4b17-80af-87cad477dd4d/300x300.jpg
Produits de la Mer,5884c314-e76c-4ee6-ad98-ec7e020272c9,MPX_6641044,Monoprix Gourmet caviar Français 20g,21.5,1075.0,"['Produits de la Mer', 'Traiteur de la Mer', 'Tartinable, Blini et Œufs']",Monoprix Gourmet,True,False,false,4.0,WEEK,20g,[],https://courses.monoprix.fr/images-v3/0c44253f-c4a3-4340-9d37-d41e42b9d14a/81d9af2e-7a67-4b3f-9fd2-80b97276e042/300x300.jpg
Produits de la Mer,d2538451-48ec-428f-9e23-e41bd2d0769c,MPX_3961524,J.C. David filets de maquereau fumés à la provençale 200g,6.49,32.45,"['Produits de la Mer', 'Poissonnerie', 'Filets, pavés de poissons']",J.C. DAVID,True,False,false,1.0,WEEK,200g,[],https://courses.monoprix.fr/images-v3/0c44253f-c4a3-4340-9d37-d41e42b9d14a/86f4464a-02cb-4420-9e4e-8403696a3d8b/300x300.jpg
Produits de la Mer,a0725d23-5d6b-4b6a-a21f-e575378798a1,MPX_2133965,Charles Antona Soupe De Poissons,8.89,10.46,"['Produits de la Mer', 'Traiteur de la Mer', 'Soupe de poissons et sauces']",Charles Antona,True,False,false,1.0,YEAR,850ml,[],https://courses.monoprix.fr/images-v3/0c44253f-c4a3-4340-9d37-d41e42b9d14a/1db175ab-e295-408b-be56-f91c7d8b5315/300x300.jpg
Produits de la Mer,236da701-26d2-41e0-bdae-745579b81dc5,MPX_6595045,Nature Océane Saumon Fumé Bio *4 Tranches 140g,12.23,87.36,"['Produits de la Mer', 'Traiteur de la Mer', 'Saumons et truites fumées']",NATURE OCEANE,True,False,false,1.0,WEEK,140g,['Produit bio'],https://courses.monoprix.fr/images-v3/0c44253f-c4a3-4340-9d37-d41e42b9d14a/9fb2a898-deae-47f3-976f-80a3faffc6fe/300x300.jpg
Produits de la Mer,fa44463f-ea68-46fe-839e-e8d62202f07d,MPX_4208073,Guyader Rillettes de Saumon d'Ecosse 120g,3.69,30.75,"['Produits de la Mer', 'Traiteur de la Mer', 'Tartinable, Blini et Œufs']",Guyader,True,False,false,2.0,WEEK,120g,[],https://courses.monoprix.fr/images-v3/0c44253f-c4a3-4340-9d37-d41e42b9d14a/38d08932-48c2-4942-a1c6-fff4b7baa8ef/300x300.jpg
Produits de la Mer,4bb781e0-af1d-4e17-9e2b-fb890916f9d6,MPX_6639835,Safa saumon fumé bio d'Atlantique 6 tranches - 210g,14.5,69.05,"['Produits de la Mer', 'Traiteur de la Mer', 'Saumons et truites fumées']",Safa,True,False,false,1.0,WEEK,210g,['Produit bio'],https://courses.monoprix.fr/images-v3/0c44253f-c4a3-4340-9d37-d41e42b9d14a/fe7bf32b-4767-4993-b2ce-e1039cb75ecd/300x300.jpg
Produits de la Mer,25bb528b-de78-4d34-96b7-8b02ad0e28d6,MPX_1543879,Monoprix Gourmet Saumon Atlantique Fumé Élevé En Ecosse x 6 Tranches 240g,16.9,70.42,"['Noël', 'Les Pépites de Monoprix pour Noël', 'Les essentiels Monoprix Gourmet']",Monoprix Gourmet,True,False,false,5.0,DAY,240g,[],https://courses.monoprix.fr/images-v3/0c44253f-c4a3-4340-9d37-d41e42b9d14a/bd169556-be07-4d36-a363-9e63ec811544/300x300.jpg
Produits de la Mer,176f6cd1-bc7f-4ba7-9841-d7baaa951a90,MPX_4208145,Fjord King Œufs de Cabillaud Fumé 200g,39.9,199.5,"['Epicerie Salée', 'Produit apéritif', 'Tartinable et Produit de la Mer', 'Caviar et Œufs']",Fjord King,True,False,false,1.0,WEEK,200g,[],https://courses.monoprix.fr/images-v3/0c44253f-c4a3-4340-9d37-d41e42b9d14a/ee627853-370d-4f78-8d65-2161d35fffcb/300x300.jpg
Produits de la Mer,f143f8f2-4ad8-4547-a8c9-103663b71cfb,MPX_1122904,La Coca Calmars à l'Encre 115g,3.49,30.35,"['Produits du monde', 'Espagne - España', 'Epicerie Salée et Sucrée']",La Coca,True,False,false,1.0,YEAR,115g,[],https://courses.monoprix.fr/images-v3/0c44253f-c4a3-4340-9d37-d41e42b9d14a/c33d8a60-9362-4421-a136-21867fec10f7/300x300.jpg
Produits de la Mer,81c58741-6221-47b0-824f-44ee0194b457,MPX_2367308,Albert Ménès Crabe 90G,6.59,73.22,"['Epicerie Salée', 'Produit apéritif', 'Tartinable et Produit de la Mer', 'Tapenade et Autre Tartinable']",Albert Ménès,True,False,false,1.0,YEAR,90g,[],https://courses.monoprix.fr/images-v3/0c44253f-c4a3-4340-9d37-d41e42b9d14a/5c48bb0e-19da-4ad1-94d8-448ccb30d263/300x300.jpg
Produits de la Mer,c80df253-d083-428e-bac5-16b7ade2dfe3,MPX_3587311,Encornets Mariniere La Coca Boite X 24 115G,3.99,34.7,"['Produits du monde', 'Espagne - España', 'Epicerie Salée et Sucrée']",La Coca,True,False,false,1.0,YEAR,115g,[],https://courses.monoprix.fr/images-v3/0c44253f-c4a3-4340-9d37-d41e42b9d14a/176c9541-db9f-4c53-8e2c-e52d81ad822a/300x300.jpg
Produits de la Mer,53c6e063-658f-47db-b642-0deb2c390e1f,MPX_3059300,Labeyrie Saumon Fumé Sauvage du Pacifique Ferme & Intense x2 Tranches 65g,5.99,92.15,"['Produits de la Mer', 'Traiteur de la Mer', 'Saumons et truites fumées']",Labeyrie,True,False,false,1.0,WEEK,65g,[],https://courses.monoprix.fr/images-v3/0c44253f-c4a3-4340-9d37-d41e42b9d14a/ebb26227-cfa9-4e24-b1c1-bf56d7409868/300x300.jpg
Produits de la Mer,249bd594-4c7f-4615-bd43-c22cd6c48945,MPX_3576022,Albert Ménès Rillettes De Bar Au Yuzu 90G,7.09,78.78,"['Epicerie Salée', 'Produit apéritif', 'Tartinable et Produit de la Mer', 'Rillette de la mer']",Albert Ménès,True,False,false,1.0,YEAR,90g,[],https://courses.monoprix.fr/images-v3/0c44253f-c4a3-4340-9d37-d41e42b9d14a/53818714-b688-46f3-9971-8fde4a3eee83/300x300.jpg
Produits de la Mer,ddb042b4-0b30-4c2d-be76-b795257f9f71,MPX_5478635,Jean Luc Vianey SÖ Le Saumon Fumé demi cœur Norvège 130g,13.5,103.85,"['Produits de la Mer', 'Traiteur de la Mer', 'Saumons et truites fumées']",Sö,True,False,false,1.0,WEEK,130g,[],https://courses.monoprix.fr/images-v3/0c44253f-c4a3-4340-9d37-d41e42b9d14a/1afb67b7-2427-438c-ac76-77f02ec885d3/300x300.jpg
Produits de la Mer,f9bc5921-a218-45b0-8262-693aed7d4ff8,MPX_1963645,Groix & Nature Rillettes De Crabe 100g,5.69,56.9,"['Epicerie Salée', 'Produit apéritif', 'Tartinable et Produit de la Mer', 'Rillette de la mer']",Groix et nature,True,False,false,1.0,YEAR,100g,[],https://courses.monoprix.fr/images-v3/0c44253f-c4a3-4340-9d37-d41e42b9d14a/121ea3e2-3b8e-4fe6-8112-5fa49d48eeba/300x300.jpg
Produits de la Mer,b4126b95-8082-4722-9072-8062d5e5f2d8,MPX_1122869,La Coca Calamars Americain 118G,3.99,33.81,"['Produits du monde', 'Espagne - España', 'Epicerie Salée et Sucrée']",La Coca,True,False,false,1.0,YEAR,118g,[],https://courses.monoprix.fr/images-v3/0c44253f-c4a3-4340-9d37-d41e42b9d14a/deccb795-76d3-48d4-81f1-c70c1cd7cca5/300x300.jpg
Produits de la Mer,04f507d0-4ab8-4fc4-b42d-7a7edf138144,MPX_1963648,Groix & Nature Rillettes De Maquereau Au Poivre 100g,4.79,47.9,"['Epicerie Salée', 'Produit apéritif', 'Tartinable et Produit de la Mer', 'Rillette de la mer']",Groix et nature,True,False,false,1.0,YEAR,100g,[],https://courses.monoprix.fr/images-v3/0c44253f-c4a3-4340-9d37-d41e42b9d14a/1d747188-d62e-418a-ad0b-e13aeeead180/300x300.jpg
Produits de la Mer,6a08ec47-b30b-4127-af28-74f2af97658f,MPX_1122906,Serpis 118G Calmars EntEncre Farcis,5.49,46.53,"['Produits du monde', 'Espagne - España', 'Epicerie Salée et Sucrée']",SERPIS,True,False,false,1.0,YEAR,118g,[],https://courses.monoprix.fr/images-v3/0c44253f-c4a3-4340-9d37-d41e42b9d14a/8d9ef05e-75a0-4c72-ab55-88fed5f18162/300x300.jpg
Produits de la Mer,6f554c29-be1e-4020-bd0d-f2b80b8b0a02,MPX_6630514,Nautilus saumon citron & aneth 110g,5.99,54.45,"['Produits de la Mer', 'Traiteur de la Mer', 'Poissons panés et cuisinés']",Nautilus,True,False,false,1.0,MONTH,110g,[],https://courses.monoprix.fr/images-v3/0c44253f-c4a3-4340-9d37-d41e42b9d14a/c56305f0-335c-4c5a-b538-7ffe262f7456/300x300.jpg
Produits de la Mer,223ac4bd-9b12-4bad-bcd6-9c3bd6c00e8c,MPX_3740259,Supion 150g,8.99,59.93,"['Produits de la Mer', 'Poissonnerie', 'Les poissons frais']",NoBrand,True,False,false,4.0,WEEK,150g,[],https://courses.monoprix.fr/images-v3/0c44253f-c4a3-4340-9d37-d41e42b9d14a/019f705d-83e0-4489-a89e-cf8afedbebf3/300x300.jpg
Produits de la Mer,d96d44bc-8414-499c-a477-0a819374c5e3,MPX_6630860,Monoprix Gourmet saumon mariné façon gravlax 120g,10.9,90.83,"['Produits de la Mer', 'Traiteur de la Mer', 'Saumons et truites fumées']",Monoprix Gourmet,True,False,false,6.0,DAY,120g,[],https://courses.monoprix.fr/images-v3/0c44253f-c4a3-4340-9d37-d41e42b9d14a/7bb4359c-c88a-41e7-9b0a-926a30dae051/300x300.jpg
Produits de la Mer,6a4a9819-7830-47bb-8b05-63bfe9004997,MPX_3173933,Labeyrie Saumon Atlantique D'Ecosse Fume Au Bois De Chêne 270g,12.9,47.78,"['Produits de la Mer', 'Traiteur de la Mer', 'Saumons et truites fumées']",Labeyrie,True,False,false,1.0,WEEK,270g,[],https://courses.monoprix.fr/images-v3/0c44253f-c4a3-4340-9d37-d41e42b9d14a/5a91ff03-1e73-4fa4-a5bd-880c8a74bc85/300x300.jpg
Produits de la Mer,a6cb2bff-e751-4bb9-acc6-afbf083726f8,MPX_4208111,Labeyrie Saumon Atlantique de Norvege Fumé au bois d'Hêtre x8 Tranches - 290g,12.9,44.48,"['Produits de la Mer', 'Traiteur de la Mer', 'Saumons et truites fumées']",Labeyrie,True,False,false,1.0,WEEK,290g,[],https://courses.monoprix.fr/images-v3/0c44253f-c4a3-4340-9d37-d41e42b9d14a/db14b751-8381-453c-9f8c-466dc49b0d4a/300x300.jpg
Produits de la Mer,b324dc16-cf39-46f1-a0dd-0a7515f487cf,MPX_3872304,Sir Edward's Saumon Gravlax Mariné à l'Aneth x5 200g,14.49,72.45,"['Produits de la Mer', 'Traiteur de la Mer', 'Saumons et truites fumées']",SIR EDWARD'S,True,False,false,1.0,WEEK,200g,[],https://courses.monoprix.fr/images-v3/0c44253f-c4a3-4340-9d37-d41e42b9d14a/aaefae10-c36f-4553-8f1b-eca8d5887203/300x300.jpg
Produits de la Mer,8f6a6cce-fa26-4ed3-8b57-2c95132f998d,MPX_2409715,Ferrigno Aioli 90G,3.49,38.78,"['Produits de la Mer', 'Traiteur de la Mer', 'Soupe de poissons et sauces']",LOU FERRIGNADE,True,False,false,1.0,YEAR,90g,[],https://courses.monoprix.fr/images-v3/0c44253f-c4a3-4340-9d37-d41e42b9d14a/e23acd3a-3771-463c-89a6-cf88a0dac9ed/300x300.jpg
Produits de la Mer,d71ad335-ef6e-4c79-8ca9-4f9643548a84,MPX_1123017,La Coca Angulitos à l'huile d'olive 115g,4.79,41.65,"['Produits du monde', 'Espagne - España', 'Epicerie Salée et Sucrée']",La Coca,True,False,false,1.0,YEAR,115g,[],https://courses.monoprix.fr/images-v3/0c44253f-c4a3-4340-9d37-d41e42b9d14a/92763702-6f96-4ee6-a174-e5ed493b30bd/300x300.jpg
Produits de la Mer,6c66901e-5130-4bc8-a14f-7be28589c550,MPX_6738495,Labeyrie Truite Fumée Délicate Fumage Doux au Bois de Hêtre *6 Tranches 160g,8.99,56.19,"['Noël', 'Promos de Noël', ""Promos repas festif,\xa0jusqu'à 50% sur le 2ème sur une sélection festive""]",Labeyrie,True,False,false,1.0,WEEK,160g,[],https://courses.monoprix.fr/images-v3/0c44253f-c4a3-4340-9d37-d41e42b9d14a/30b2904d-8f47-4abb-b8fd-b337d7df6cc1/300x300.jpg
Produits de la Mer,0f6d0bc6-2de1-4682-bc42-f3bc9ce59157,MPX_6235470,Monoprix Saumon fumé élevé en Norvège 10 tranches 350g,15.9,45.43,"['Produits de la Mer', 'Traiteur de la Mer', 'Saumons et truites fumées']",Monoprix,True,False,false,1.0,WEEK,350g,[],https://courses.monoprix.fr/images-v3/0c44253f-c4a3-4340-9d37-d41e42b9d14a/c5b0d97e-9ea0-4f0c-9fc6-ab7cacc5f6a9/300x300.jpg
Produits de la Mer,59c9db60-d0f3-42a0-86d2-bb82fa3a7775,MPX_6754226,Holy Moly Guacamole Jalapeño & Poivre Rouge 150g,3.85,25.67,"['Produits de la Mer', 'Traiteur de la Mer', 'Tartinable, Blini et Œufs']",HOLY MOLY,True,False,false,1.0,WEEK,150g,[],https://courses.monoprix.fr/images-v3/0c44253f-c4a3-4340-9d37-d41e42b9d14a/e7aa923a-bacb-4ce6-8008-8203b6f522df/300x300.jpg
Produits de la Mer,e48dab6b-5872-4ac9-a1ae-6992a3654fc5,MPX_6743429,Guyader Rillettes de Cabillaud à la Truffe d'Eté à la Crème d'Isigny Aop 120g,4.89,40.75,"['Produits de la Mer', 'Traiteur de la Mer', 'Tartinable, Blini et Œufs']",Guyader,True,False,false,2.0,WEEK,120g,[],https://courses.monoprix.fr/images-v3/0c44253f-c4a3-4340-9d37-d41e42b9d14a/ec567fb1-60f5-40c2-86ec-7d9f50e9bbf4/300x300.jpg
Produits de la Mer,aec32017-2f32-4d3f-a78c-877770a91880,MPX_2354954,Sturgeon Caviar Aquitaine Affiné 50G,49.9,998.0,"['Epicerie Salée', 'Produit apéritif', 'Tartinable et Produit de la Mer', 'Caviar et Œufs']",STURGEON,True,False,false,2.0,MONTH,50g,[],https://courses.monoprix.fr/images-v3/0c44253f-c4a3-4340-9d37-d41e42b9d14a/b25da2d1-22fd-4cf5-8109-a75dcc4918e7/300x300.jpg
Produits de la Mer,a1e111d5-f4d1-4049-863b-aad7be693b2d,MPX_6754227,Holy Moly Avocats Ecrasés 150g,3.85,25.67,"['Produits de la Mer', 'Traiteur de la Mer', 'Tartinable, Blini et Œufs']",Holy Moly,True,False,false,1.0,WEEK,150g,[],https://courses.monoprix.fr/images-v3/0c44253f-c4a3-4340-9d37-d41e42b9d14a/8af18b6a-78ef-4887-956f-cb1f09234ace/300x300.jpg
Produits de la Mer,32c6e5e0-b8c4-4740-a848-996c4d9e0d31,MPX_6746070,Ocean Kiss Solmon 100% Végétal Alternative Saumon Fumé 100g,3.99,39.9,"['Charcuterie et Traiteur', 'Traiteur végétal', 'Traiteur végétal']",Ocean kiss,True,False,false,3.0,WEEK,100g,[],https://courses.monoprix.fr/images-v3/0c44253f-c4a3-4340-9d37-d41e42b9d14a/8ee68d2b-ac73-4370-9440-d62855d23144/300x300.jpg
Produits de la Mer,702f00fd-e643-47a0-9222-9fde93e0fc7c,MPX_6664529,Labeyrie Saumon d’Ecosse fumé x6 Tranches offre spéciale 210g,12.9,61.43,"['Noël', 'Promos de Noël', ""Promos repas festif,\xa0jusqu'à 50% sur le 2ème sur une sélection festive""]",Labeyrie,True,False,false,1.0,WEEK,210g,[],https://courses.monoprix.fr/images-v3/0c44253f-c4a3-4340-9d37-d41e42b9d14a/11e0052b-1f03-42c2-b4c2-0608532f0628/300x300.jpg
Produits de la Mer,13709582-1c16-4b6f-b099-a440e80e309f,MPX_6702890,Monoprix Gourmet Saumon Fumé Elevé en Norvège *6 Tranches 240g,14.9,0.03,"['Produits de la Mer', 'Traiteur de la Mer', 'Saumons et truites fumées']",Monoprix Gourmet,True,False,false,1.0,WEEK,530000g,[],https://courses.monoprix.fr/images-v3/0c44253f-c4a3-4340-9d37-d41e42b9d14a/a12aebe9-868e-4cf7-9e76-51d0f323b4fd/300x300.jpg
Produits de la Mer,8c1bcded-de3d-4642-a557-669de00dab85,MPX_6743420,Sö Saumon Fumé d'Ecosse *6 Tranches 210g,16.5,78.57,"['Produits de la Mer', 'Traiteur de la Mer', 'Saumons et truites fumées']",SO,True,False,false,1.0,WEEK,210g,[],https://courses.monoprix.fr/images-v3/0c44253f-c4a3-4340-9d37-d41e42b9d14a/75d7bdff-f0d1-4c85-80d1-e1fae08af323/300x300.jpg
Produits de la Mer,8ced4923-bdbc-4ee7-8a48-f5b4dd8eabed,MPX_4200407,Christian Le Squer Caviar De Sologne 100g,119.0,1190.0,"['Epicerie Salée', 'Produit apéritif', 'Tartinable et Produit de la Mer', 'Caviar et Œufs']",Christian Le Squer,True,False,false,1.0,MONTH,100g,[],https://courses.monoprix.fr/images-v3/0c44253f-c4a3-4340-9d37-d41e42b9d14a/05ed2e2c-185a-4538-b44c-cadb6a4c68a3/300x300.jpg
Produits de la Mer,360b1fa3-75a3-4df6-a54a-00bdb870e69b,MPX_2257996,Labeyrie Sauce Pour Saumon À L'Aneth 145g,2.99,20.62,"['Produits de la Mer', 'Traiteur de la Mer', 'Tartinable, Blini et Œufs']",Labeyrie,True,False,false,1.0,WEEK,145g,['Produit végétarien'],https://courses.monoprix.fr/images-v3/0c44253f-c4a3-4340-9d37-d41e42b9d14a/4ff54b02-79f3-4e3c-9c83-5ad949638c3c/300x300.jpg
Produits de la Mer,5024e9cf-9b2a-4d13-9f92-64edee40caf8,MPX_6754228,Holy Moly Avocats Minis Ecrasés 171g,4.65,27.19,"['Produits de la Mer', 'Traiteur de la Mer', 'Tartinable, Blini et Œufs']",Holy Moly,True,False,false,1.0,WEEK,171g,[],https://courses.monoprix.fr/images-v3/0c44253f-c4a3-4340-9d37-d41e42b9d14a/b23c749f-1e3e-493d-b61c-f846ec51b952/300x300.jpg
Produits de la Mer,0d55a39a-3c1e-41e9-99f0-ab409b8ea156,MPX_6082735,Guyader rillettes de st-jacques cuisinées à la crème d'isigny 120g,4.89,40.75,"['Produits de la Mer', 'Traiteur de la Mer', 'Tartinable, Blini et Œufs']",Guyader,True,False,false,2.0,WEEK,120g,[],https://courses.monoprix.fr/images-v3/0c44253f-c4a3-4340-9d37-d41e42b9d14a/aee2aac2-92b4-4423-bbb2-053f280cea35/300x300.jpg
Produits de la Mer,2a791bdc-38ca-406e-9ef1-af18cf008831,MPX_6737911,Monoprix Cœur de Filet de Saumon Fumé Norvège 300g,19.5,65.0,"['Produits de la Mer', 'Traiteur de la Mer', 'Saumons et truites fumées']",Monoprix,True,False,false,1.0,WEEK,300g,[],https://courses.monoprix.fr/images-v3/0c44253f-c4a3-4340-9d37-d41e42b9d14a/640a5f7e-92d2-4a0c-842d-d53c0d119e25/300x300.jpg
Produits de la Mer,63e46e4f-fc9e-4a56-9b11-ea9346b8e9b7,MPX_2202488,Dom Petroff Tarama au Crabe Royal 80g,4.99,62.38,"['Produits de la Mer', 'Traiteur de la Mer', 'Tartinable, Blini et Œufs']",Dom Petroff,True,False,false,3.0,WEEK,80g,[],https://courses.monoprix.fr/images-v3/0c44253f-c4a3-4340-9d37-d41e42b9d14a/038b1374-4369-46a4-bdd6-4eaa985ce485/300x300.jpg
Produits de la Mer,f926d52c-fefd-4f03-b44d-273fdfa398f7,MPX_6639848,Labeyrie saumon intense fumé sauvage 6 tranches 160g offre spéciale,9.99,62.44,"['Noël', 'Promos de Noël', ""Promos repas festif,\xa0jusqu'à 50% sur le 2ème sur une sélection festive""]",Labeyrie,True,False,false,1.0,WEEK,160g,[],https://courses.monoprix.fr/images-v3/0c44253f-c4a3-4340-9d37-d41e42b9d14a/ce2d56c6-13e9-4af1-909d-16c75d6a1b15/300x300.jpg
Produits de la Mer,545433fa-6478-44e3-bec6-cd6cee8e91df,MPX_6639847,Labeyrie Saumon Fumé x6 Tranches offre spéciale 220g,11.9,54.09,"['Noël', 'Promos de Noël', ""Promos repas festif,\xa0jusqu'à 50% sur le 2ème sur une sélection festive""]",Labeyrie,True,False,false,1.0,WEEK,220g,[],https://courses.monoprix.fr/images-v3/0c44253f-c4a3-4340-9d37-d41e42b9d14a/0d36f944-7397-407e-b120-a12180ad1db5/300x300.jpg
Produits de la Mer,0270ef01-e276-4627-83f8-b189ab8b221f,MPX_6639846,Labeyrie Saumon fumé 6 tranches 205g,14.9,72.68,"['Produits de la Mer', 'Traiteur de la Mer', 'Saumons et truites fumées']",Labeyrie,True,False,false,1.0,WEEK,205g,[],https://courses.monoprix.fr/images-v3/0c44253f-c4a3-4340-9d37-d41e42b9d14a/3fae0529-d366-4bb2-817e-6e34623758b2/300x300.jpg
Produits de la Mer,f7ec0365-29a2-444f-8a51-8f11f59e919b,MPX_6746014,Monoprix Saumon Fumé d'Ecosse *10 Tranches 300g,16.29,54.3,"['Produits de la Mer', 'Traiteur de la Mer', 'Saumons et truites fumées']",MONOPRIX,True,False,false,1.0,WEEK,300g,[],https://courses.monoprix.fr/images-v3/0c44253f-c4a3-4340-9d37-d41e42b9d14a/786e0d97-8813-4d6d-8bad-59002378618f/300x300.jpg
Produits de la Mer,108f7e11-53cc-401a-ad4b-9d81ba929f26,MPX_6612803,Labeyrie saumon fumé L'Ecosse 4 tranches 130 g,8.49,65.31,"['Produits de la Mer', 'Traiteur de la Mer', 'Saumons et truites fumées']",Labeyrie,True,False,false,1.0,WEEK,130g,[],https://courses.monoprix.fr/images-v3/0c44253f-c4a3-4340-9d37-d41e42b9d14a/885354bc-0bdd-45c2-9d8f-20fc206fc589/300x300.jpg
Produits de la Mer,2dbe9464-718f-48fa-b848-397b152ac6e1,MPX_3403774,Monoprix Truite fumée 180g,6.29,34.94,"['Produits de la Mer', 'Traiteur de la Mer', 'Saumons et truites fumées']",Monoprix,True,False,false,6.0,DAY,180g,[],https://courses.monoprix.fr/images-v3/0c44253f-c4a3-4340-9d37-d41e42b9d14a/c35d0c3d-f4fe-4e78-b7c0-5f1de4045d21/300x300.jpg
Produits de la Mer,0f634309-4063-466e-8472-8925344b73be,MPX_3513664,Monoprix Bio Pavés de saumon Bio 240g,11.99,49.96,"['Nos sélections', 'Inspiration du moment', '& Le Coin du marché', 'Poissons']",Monoprix Bio,True,False,false,2.0,DAY,240g,['Produit bio'],https://courses.monoprix.fr/images-v3/0c44253f-c4a3-4340-9d37-d41e42b9d14a/934f89f8-2d60-4241-a078-be36c22d1b3c/300x300.jpg
Produits de la Mer,6715475f-c7cf-435f-9724-f50625841e44,MPX_3563049,Monoprix saumon fumé élevé en Norvège 6 tranches 210g,7.19,34.24,"['Produits de la Mer', 'Traiteur de la Mer', 'Saumons et truites fumées']",Monoprix,True,False,false,1.0,WEEK,210g,[],https://courses.monoprix.fr/images-v3/0c44253f-c4a3-4340-9d37-d41e42b9d14a/a924dadf-0b30-475f-b6ae-57dc1e36839d/300x300.jpg
Produits de la Mer,42c5c1d8-54da-4b22-bef8-51a603672ad1,MPX_1684339,Monoprix Blinis 200g,1.32,6.6,"['Pain et Viennoiserie', 'Toast, Canapé et Blini', 'Blini']",Monoprix,True,False,false,1.0,WEEK,200g,[],https://courses.monoprix.fr/images-v3/0c44253f-c4a3-4340-9d37-d41e42b9d14a/4bac4c4b-f29c-4191-b403-a60f9acfc63c/300x300.jpg
Produits de la Mer,9982d5bc-a5bd-436b-b476-66ab76e6a28b,MPX_2520555,Monoprix Filet de Limande du nord Meunière 2x100g,4.5,22.5,"['Produits de la Mer', 'Poissonnerie', 'Les poissons frais']",Monoprix,True,False,false,2.0,DAY,200g,[],https://courses.monoprix.fr/images-v3/0c44253f-c4a3-4340-9d37-d41e42b9d14a/819065d8-8a2f-4adf-980e-83677f9a25de/300x300.jpg
Produits de la Mer,c2b1a5a7-71af-4988-b091-87229ee46df1,MPX_3513665,Monoprix Gourmet Pave Saumon d’Ecosse 240g,11.99,49.96,"['La Halle', 'La Poissonnerie']",Monoprix Gourmet,True,False,false,2.0,DAY,240g,[],https://courses.monoprix.fr/images-v3/0c44253f-c4a3-4340-9d37-d41e42b9d14a/c2260b0a-88a5-4460-ae97-dc982807c8f5/300x300.jpg
Produits de la Mer,b74a43c1-55e6-4356-8ef3-0ae7106b9c5c,MPX_2133928,Atelier Blini Tarama Aux Œufs De Cabillaud Le Pot De 175G,4.95,28.29,"['Epicerie Salée', 'Produit apéritif', 'Tartinable et Produit de la Mer', 'Houmous et Tarama']",Atelier blini,True,False,false,1.0,WEEK,175g,['Produit bio'],https://courses.monoprix.fr/images-v3/0c44253f-c4a3-4340-9d37-d41e42b9d14a/746705ce-0c3e-4e57-8bca-d6a8e60e5022/300x300.jpg
Produits de la Mer,58e2067f-8c50-40d0-81c3-1e9479f437e1,MPX_3170916,Pavé de saumon 140g,5.99,42.79,"['Produits de la Mer', 'Poissonnerie', 'Les poissons frais']",-,True,False,false,2.0,DAY,140g,[],https://courses.monoprix.fr/images-v3/0c44253f-c4a3-4340-9d37-d41e42b9d14a/6f2828e6-d1d2-4bcd-912d-307213010164/300x300.jpg
Produits de la Mer,8f249ff1-81a3-4fde-999f-d403d5c3d0a5,MPX_1684340,Monoprix Mini blinis 135g,1.19,8.81,"['Pain et Viennoiserie', 'Toast, Canapé et Blini', 'Blini']",Monoprix,True,False,false,1.0,WEEK,135g,[],https://courses.monoprix.fr/images-v3/0c44253f-c4a3-4340-9d37-d41e42b9d14a/bf07acf2-daa9-43e3-b74f-7d1c90cc849c/300x300.jpg
Produits de la Mer,54425e74-7482-4fcb-9cae-daf299330b21,MPX_3428432,Monoprix dos de cabillaud sans arête MSC 200g,8.49,42.45,"['Produits de la Mer', 'Poissonnerie', 'Les poissons frais']",Monoprix,True,False,false,2.0,DAY,200g,[],https://courses.monoprix.fr/images-v3/0c44253f-c4a3-4340-9d37-d41e42b9d14a/be015a4d-08bf-4e77-8266-07b357d2368a/300x300.jpg
Produits de la Mer,26415a6f-df79-40e2-a104-94bfac972718,MPX_2863236,Monoprix Gourmet Tarama Premium 180g,2.99,16.61,"['Epicerie Salée', 'Produit apéritif', 'Tartinable et Produit de la Mer', 'Houmous et Tarama']",Monoprix Gourmet,True,False,false,1.0,WEEK,180g,[],https://courses.monoprix.fr/images-v3/0c44253f-c4a3-4340-9d37-d41e42b9d14a/38bbc271-9d67-4f17-805e-5e88c777569b/300x300.jpg
Produits de la Mer,1e394c0a-6e41-435a-87ae-7a434e059975,MPX_3537712,Delpierre Crevettes Décortiquées Cuites Réfrigérées 100G,4.0,40.0,"['Produits de la Mer', 'Poissonnerie', 'Crevettes et crustacés']",Franprix,True,False,false,5.0,DAY,100g,[],https://courses.monoprix.fr/images-v3/0c44253f-c4a3-4340-9d37-d41e42b9d14a/ec6de576-94af-42f7-9dac-331ec1e1cd18/300x300.jpg
Produits de la Mer,f4ba3ea9-74db-49a9-af29-2ff373fae178,MPX_2133913,Atelier Blini Blinis Frais Au Blé Tendre 135G,2.29,16.96,"['Pain et Viennoiserie', 'Toast, Canapé et Blini', 'Blini']",Atelier Blini,True,False,false,1.0,WEEK,135g,['Produit végétarien'],https://courses.monoprix.fr/images-v3/0c44253f-c4a3-4340-9d37-d41e42b9d14a/51f3829d-9e70-4fca-8d01-e2d1858329c0/300x300.jpg
Produits de la Mer,f2070a40-1bc1-47ae-9065-c50735470300,MPX_3953908,Monoprix Bio Crevettes biologique décortiquées coriandre citron 109g,4.15,38.07,"['Produits de la Mer', 'Poissonnerie', 'Crevettes et crustacés']",Monoprix Bio,True,False,false,5.0,DAY,109g,['Produit bio'],https://courses.monoprix.fr/images-v3/0c44253f-c4a3-4340-9d37-d41e42b9d14a/e499ea14-5229-4b84-8677-505ba28deb01/300x300.jpg
Produits de la Mer,613e67e8-8316-4a62-8ee4-ea08a73fd863,MPX_3730183,Monoprix Saumon Atlantique Fumé Bio 70g,4.49,64.14,"['Produits de la Mer', 'Traiteur de la Mer', 'Saumons et truites fumées']",Monoprix Bio,True,False,false,1.0,WEEK,70g,['Produit bio'],https://courses.monoprix.fr/images-v3/0c44253f-c4a3-4340-9d37-d41e42b9d14a/ae9eb77d-5c21-43a9-bbce-d471fc79233d/300x300.jpg
Produits de la Mer,2378a6f7-e434-448c-946a-2841fb7fa8e3,MPX_1543929,Monoprix Gourmet Cœur de Filet de Saumon Fumé150g,13.5,90.0,"['Produits de la Mer', 'Traiteur de la Mer', 'Saumons et truites fumées']",Monoprix Gourmet,True,False,false,1.0,WEEK,150g,[],https://courses.monoprix.fr/images-v3/0c44253f-c4a3-4340-9d37-d41e42b9d14a/c3d161a7-b6f2-4671-b1e3-1fdf4051e027/300x300.jpg
Produits de la Mer,a765b0c0-a2ff-44dd-b577-b0ebe3768fb7,MPX_1561155,Monoprix Gourmet Emincés Saumon Fumé Aneth Citron 100g,6.99,69.9,"['Produits de la Mer', 'Traiteur de la Mer', 'Saumons et truites fumées']",Monoprix Gourmet,True,False,false,1.0,WEEK,100g,[],https://courses.monoprix.fr/images-v3/0c44253f-c4a3-4340-9d37-d41e42b9d14a/1c8f5e0e-6c93-4f6d-803c-8ec691aa9796/300x300.jpg
Produits de la Mer,db5ceb4e-6c25-4bd9-b77f-362b1c9f288d,MPX_145300,Monoprix Filets de Harengs fumé doux 200g,1.99,9.95,"['Produits de la Mer', 'Poissonnerie', 'Filets, pavés de poissons']",Monoprix,True,False,false,1.0,WEEK,200g,[],https://courses.monoprix.fr/images-v3/0c44253f-c4a3-4340-9d37-d41e42b9d14a/bfd3c563-41b3-47c0-be6b-fc70c2b4facb/300x300.jpg
Produits de la Mer,89fc8544-21a6-49d3-92dc-de6474edb355,MPX_2219743,Monoprix Petites crevettes cuites décortiquées 100g,1.99,19.9,"['Nos sélections', 'Inspiration du moment', '& Frigo vide', 'Produits de la mer']",Monoprix,True,False,false,6.0,DAY,100g,[],https://courses.monoprix.fr/images-v3/0c44253f-c4a3-4340-9d37-d41e42b9d14a/1acb5653-3b64-462b-b48b-01837202bd6b/300x300.jpg
Produits de la Mer,fb309d1b-4759-46ed-9c64-2b527460716f,MPX_3563047,Monoprix Saumon Fumé élevé en Norvège 140g,6.65,47.5,"['Produits de la Mer', 'Traiteur de la Mer', 'Saumons et truites fumées']",Monoprix,True,False,false,1.0,WEEK,140g,[],https://courses.monoprix.fr/images-v3/0c44253f-c4a3-4340-9d37-d41e42b9d14a/b276623d-2523-4083-bd32-b8bfa7a1e97f/300x300.jpg
Produits de la Mer,c5082de0-830f-44ba-92a7-e6c1f2da74cc,MPX_3730184,Monoprix Bio Saumon Atlantique Fumé Bio 120g,7.25,60.42,"['Nos sélections', 'Inspiration du moment', '& Notre sélection brunch', 'Saumons']",Monoprix Bio,True,False,false,1.0,WEEK,120g,['Produit bio'],https://courses.monoprix.fr/images-v3/0c44253f-c4a3-4340-9d37-d41e42b9d14a/6531650d-3298-4179-8349-69dfd4360740/300x300.jpg
Produits de la Mer,b86426e6-e786-4c65-ae53-65623c7427f8,MPX_2441484,Monoprix Crevettes Entières Cuites 200g,4.0,20.0,"['La Halle', 'La Poissonnerie']",Monoprix,True,False,false,3.0,DAY,200g,[],https://courses.monoprix.fr/images-v3/0c44253f-c4a3-4340-9d37-d41e42b9d14a/1a065c7e-391e-4d49-b7be-e90cd6ef120f/300x300.jpg
Produits de la Mer,72209a00-6ef0-451d-bffc-5b43d3cb0fe0,MPX_2223038,Delicemer Traiteur Tartinable Thon Piquant 120g,3.75,31.25,"['Epicerie Salée', 'Produit apéritif', 'Tartinable et Produit de la Mer', 'Tapenade et Autre Tartinable']",Delicemer,True,False,false,1.0,WEEK,120g,[],https://courses.monoprix.fr/images-v3/0c44253f-c4a3-4340-9d37-d41e42b9d14a/d0164e40-3711-47f7-a60d-165310171df0/300x300.jpg
Produits de la Mer,fe0a60ba-a14d-408a-9c63-f09c61d58f6d,MPX_2849655,Blini 16 Blinis Cocktails 135g,1.99,14.74,"['Pain et Viennoiserie', 'Toast, Canapé et Blini', 'Blini']",Blini,True,False,false,1.0,WEEK,135g,[],https://courses.monoprix.fr/images-v3/0c44253f-c4a3-4340-9d37-d41e42b9d14a/b8663a18-a3ac-472e-83c4-71abb462d453/300x300.jpg
Produits de la Mer,6c5a2511-ba4c-409d-affc-b8e12ccb47ea,MPX_1934253,Cap Océan Rillettes de thon 150g,3.59,23.93,"['Epicerie Salée', 'Produit apéritif', 'Tartinable et Produit de la Mer', 'Rillette de la mer']",Cap Océan,True,False,false,1.0,WEEK,150g,[],https://courses.monoprix.fr/images-v3/0c44253f-c4a3-4340-9d37-d41e42b9d14a/ec536404-7054-445f-a132-b702de581884/300x300.jpg
Produits de la Mer,50055977-a62e-415f-8b92-0fb6e2a41c21,MPX_3059299,Labeyrie Saumon Fumé Bio 65 G,6.35,97.69,"['Produits de la Mer', 'Traiteur de la Mer', 'Saumons et truites fumées']",Labeyrie,True,False,false,1.0,WEEK,65g,"['Produit décongelé', 'Produit bio']",https://courses.monoprix.fr/images-v3/0c44253f-c4a3-4340-9d37-d41e42b9d14a/2d4cc319-923e-4705-811a-1d3e47b3ab40/300x300.jpg
Produits de la Mer,56c4d02c-b056-4968-a681-379272364355,MPX_2008377,Delpierre Couronne De Crevettes + Sauce Cocktail 130G,6.0,46.15,"['Produits de la Mer', 'Poissonnerie', 'Crevettes et crustacés']",Delpierre,True,False,false,1.0,WEEK,130g,[],https://courses.monoprix.fr/images-v3/0c44253f-c4a3-4340-9d37-d41e42b9d14a/b3d716ea-70b3-42ad-90de-9248d1e2467c/300x300.jpg
Produits de la Mer,eb2893ea-434d-4199-902f-00ed211e816d,MPX_2048423,Monoprix bio émincés de saumon fumé 100g,7.65,76.5,"['Produits de la Mer', 'Traiteur de la Mer', 'Saumons et truites fumées']",Monoprix Bio,True,False,false,6.0,DAY,100g,['Produit bio'],https://courses.monoprix.fr/images-v3/0c44253f-c4a3-4340-9d37-d41e42b9d14a/8ce35834-8f1a-482a-a52d-6be9aacfb516/300x300.jpg
Produits de la Mer,35ea3a52-8e1a-49e6-b4fb-fbeee4335c87,MPX_4078553,L’Assiette Bleue Filet De Cabillaud Pané Msc Bio 200G,5.99,29.95,"['Produits de la Mer', 'Poissonnerie', 'Filets, pavés de poissons']",Assiette bleue,True,False,false,2.0,DAY,200g,[],https://courses.monoprix.fr/images-v3/0c44253f-c4a3-4340-9d37-d41e42b9d14a/d8f51fa6-86f6-490c-9108-b6ab57e863dc/300x300.jpg
Produits de la Mer,fdcd20d9-6782-4de7-9855-5d4a9bbda9db,MPX_2637134,Ovive Truite Fumée De France Ovive 100G,4.99,49.9,"['Produits de la Mer', 'Traiteur de la Mer', 'Saumons et truites fumées']",Ovive,True,False,false,1.0,WEEK,100g,[],https://courses.monoprix.fr/images-v3/0c44253f-c4a3-4340-9d37-d41e42b9d14a/41e756e5-9a01-4479-adbb-c0b2038bf4bb/300x300.jpg
Produits de la Mer,5b37e316-eaaa-4f80-8822-529d276da170,MPX_3454680,Monoprix Brandade Parmentier de Morue 650g,7.99,12.29,"['Produits de la Mer', 'Poissonnerie', 'Les poissons frais']",Monoprix,True,False,false,5.0,DAY,650g,[],https://courses.monoprix.fr/images-v3/0c44253f-c4a3-4340-9d37-d41e42b9d14a/ad909510-2fd7-46b2-9813-c63a9dd387b8/300x300.jpg
Produits de la Mer,672bd97f-2dad-40c0-84c6-d39f4ea92a41,MPX_2652895,Monoprix Bio Truite Fumée 120g,7.25,60.42,"['Produits de la Mer', 'Traiteur de la Mer', 'Saumons et truites fumées']",Monoprix Bio,True,False,false,1.0,WEEK,120g,['Produit bio'],https://courses.monoprix.fr/images-v3/0c44253f-c4a3-4340-9d37-d41e42b9d14a/d13346eb-f5e3-4dad-b893-4f824a6268fc/300x300.jpg
Produits de la Mer,a2309a9a-b129-44d3-a16c-2c951ee23fcf,MPX_4206323,Monoprix Gourmet Truite Fumée France 60g,3.49,58.17,"['Noël', 'Les Pépites de Monoprix pour Noël', 'Les essentiels Monoprix Gourmet']",Monoprix Gourmet,True,False,false,1.0,WEEK,60g,[],https://courses.monoprix.fr/images-v3/0c44253f-c4a3-4340-9d37-d41e42b9d14a/8cd825b1-47ca-4e22-8ac8-07883ed6d81a/300x300.jpg
Produits de la Mer,2a3dea85-7f33-435c-9cb0-d56ff495ea66,MPX_1934150,Monoprix Gourmet Soupe De Poisson 96cl,5.69,5.93,"['Nos sélections', 'Inspiration du moment', '& Frigo vide', 'Produits de la mer']",Monoprix Gourmet,True,False,false,1.0,MONTH,96cl,[],https://courses.monoprix.fr/images-v3/0c44253f-c4a3-4340-9d37-d41e42b9d14a/ae6da132-a0d1-42cb-b838-15b0f7ef6a9c/300x300.jpg
Produits de la Mer,80d6584a-9689-4f78-90f3-1ea59b51e252,MPX_4091569,Monoprix 12 Bâtonnets Surimi MSC 200g,1.39,6.95,"['Produits de la Mer', 'Traiteur de la Mer', 'Surimis']",Monoprix,True,False,false,2.0,WEEK,200g,[],https://courses.monoprix.fr/images-v3/0c44253f-c4a3-4340-9d37-d41e42b9d14a/8e18718b-c644-469f-9b48-5e1c8eb33c73/300x300.jpg
Produits de la Mer,8697d13f-f446-4194-98a4-643979953c54,MPX_2413376,Ovive Pavé de Truite 2 x 125g,9.99,39.96,"['Produits de la Mer', 'Poissonnerie', 'Les poissons frais']",Ovive,True,False,false,2.0,DAY,2 x 125g,[],https://courses.monoprix.fr/images-v3/0c44253f-c4a3-4340-9d37-d41e42b9d14a/a9970dfd-6028-450f-a040-84050800714b/300x300.jpg
Produits de la Mer,da5baf01-b6df-4a1e-8acc-a9094fc8ae60,MPX_5216927,Petit Navire Rillettes de Thon 125g,2.89,23.12,"['Epicerie Salée', 'Produit apéritif', 'Tartinable et Produit de la Mer', 'Rillette de la mer']",Petit navire,True,False,false,1.0,YEAR,125g,[],https://courses.monoprix.fr/images-v3/0c44253f-c4a3-4340-9d37-d41e42b9d14a/a109035c-5bb3-4936-9d04-f5c91f795c8c/300x300.jpg
Produits de la Mer,72d20f2e-3474-41ef-b32d-8cae92bfef41,MPX_2187072,Coraya Bâtonnets Au Crabe 156G,3.79,24.29,"['Produits de la Mer', 'Traiteur de la Mer', 'Surimis']",Coraya,True,False,false,1.0,WEEK,156g,[],https://courses.monoprix.fr/images-v3/0c44253f-c4a3-4340-9d37-d41e42b9d14a/1a3d8a7a-0661-488d-927d-24522f3194cd/300x300.jpg
Produits de la Mer,98b6ab9d-47b1-4bb9-a2fc-b66b802642c8,MPX_2575292,Ovive Oeufs De Truite Bio 80G,6.99,87.38,"['Epicerie Salée', 'Produit apéritif', 'Tartinable et Produit de la Mer', 'Caviar et Œufs']",Ovive,True,False,false,2.0,MONTH,80g,['Produit bio'],https://courses.monoprix.fr/images-v3/0c44253f-c4a3-4340-9d37-d41e42b9d14a/1066c695-8884-4e52-ae95-5f095bfbc557/300x300.jpg
Produits de la Mer,452f030c-719b-40a5-a108-37e2d0e6066e,MPX_4205029,Monoprix Gourmet Tarama aux Oeufs de Truite 135g,4.09,30.3,"['Produits de la Mer', 'Traiteur de la Mer', 'Tartinable, Blini et Œufs']",Monoprix Gourmet,True,False,false,1.0,WEEK,135g,[],https://courses.monoprix.fr/images-v3/0c44253f-c4a3-4340-9d37-d41e42b9d14a/11c94381-4b8a-4bc5-8bca-f622ec7c07cd/300x300.jpg
Produits de la Mer,0ebdf7e6-27a8-4303-b076-ab13a964189d,MPX_4564884,Labeyrie Saumon fumé sauvage du pacifique 110g,8.95,81.36,"['Produits de la Mer', 'Traiteur de la Mer', 'Saumons et truites fumées']",Labeyrie,True,False,false,1.0,WEEK,110g,[],https://courses.monoprix.fr/images-v3/0c44253f-c4a3-4340-9d37-d41e42b9d14a/544b9a8b-4116-4e50-9b27-7fb63dd12b85/300x300.jpg
Produits de la Mer,fd595e2f-e4ac-436b-a292-e20413ab078d,MPX_126535,Monoprix Tarama aux Œufs de Cabillaud 100g,1.19,11.9,"['Epicerie Salée', 'Produits du monde', 'Grèce']",Monoprix,True,False,false,1.0,WEEK,100g,[],https://courses.monoprix.fr/images-v3/0c44253f-c4a3-4340-9d37-d41e42b9d14a/59828719-08ff-4127-ba58-c19db2ba4939/300x300.jpg
Produits de la Mer,91edb4df-bfc9-445b-bdfe-75e5a5925858,MPX_4001991,Briau Teille Sétoise 210g,3.99,19.0,"['La Halle', 'La Poissonnerie']",Briau,True,False,false,5.0,DAY,210g,[],https://courses.monoprix.fr/images-v3/0c44253f-c4a3-4340-9d37-d41e42b9d14a/b2a05d0a-ac80-4444-a66c-f3286e94a62d/300x300.jpg
Produits de la Mer,5ea65c2a-b8bd-4354-b0d4-82ba3215ff9d,MPX_2665295,Monoprix gourmet saumon fumé sauvage 120g,7.99,66.58,"['Nos sélections', 'Inspiration du moment', '& Notre sélection brunch', 'Saumons']",Monoprix Gourmet,True,False,false,1.0,WEEK,120g,[],https://courses.monoprix.fr/images-v3/0c44253f-c4a3-4340-9d37-d41e42b9d14a/2cf4ed5a-ec0e-4005-982b-ca60e4e4ddb5/300x300.jpg
Produits de la Mer,a122d9e8-5b48-42b2-8070-9b40c7f37842,MPX_4206322,Monoprix Gourmet Truite Fumée France 120G,5.99,49.92,"['Nos sélections', 'Inspiration du moment', 'Nos coups de coeur Origine France']",Monoprix Gourmet,True,False,false,1.0,WEEK,120g,[],https://courses.monoprix.fr/images-v3/0c44253f-c4a3-4340-9d37-d41e42b9d14a/3a69b6d2-f703-4d03-8b45-e54365b062d2/300x300.jpg
Produits de la Mer,ff87fbad-cbb2-4f6b-a300-fcf165dc7a77,MPX_3563046,Monoprix Saumon Fumé élevé En Norvège Asc 70g,3.99,57.0,"['Produits de la Mer', 'Traiteur de la Mer', 'Saumons et truites fumées']",Monoprix,True,False,false,1.0,WEEK,70g,[],https://courses.monoprix.fr/images-v3/0c44253f-c4a3-4340-9d37-d41e42b9d14a/a9b5764e-7f31-4332-82d9-ce1555ecfb43/300x300.jpg
Produits de la Mer,04b10dbb-c819-4ae0-9f12-3c242921498c,MPX_1403172,Monoprix Lardons de saumon fumés 90g,5.15,57.22,"['Nos sélections', 'Inspiration du moment', '& Frigo vide', 'Produits de la mer']",Monoprix,True,False,false,1.0,WEEK,90g,[],https://courses.monoprix.fr/images-v3/0c44253f-c4a3-4340-9d37-d41e42b9d14a/a19c412d-340b-4553-bfc2-76b33d7ac5e6/300x300.jpg
Produits de la Mer,520f2a97-4b5d-45a8-8edc-12a853d040b2,MPX_5272049,Atelier blini chèvre poivrons piquillos 140g,3.89,27.79,"['Epicerie Salée', 'Produit apéritif', 'Tartinable et Produit de la Mer', 'Tapenade et Autre Tartinable']",Atelier Blini,True,False,false,1.0,WEEK,140g,[],https://courses.monoprix.fr/images-v3/0c44253f-c4a3-4340-9d37-d41e42b9d14a/2d5dd536-d4b2-42d2-b9b3-0278528fec41/300x300.jpg
Produits de la Mer,b5db1358-83b6-4929-8784-73a6c2e62e49,MPX_3612294,Compagnie Des Pêches Le Breizh Surimi Saveur Crabe 200G,2.49,12.45,"['Produits de la Mer', 'Traiteur de la Mer', 'Surimis']", Compagnie des pêches Saint-Malo,True,False,false,3.0,WEEK,200g,[],https://courses.monoprix.fr/images-v3/0c44253f-c4a3-4340-9d37-d41e42b9d14a/9f9ae580-2ffa-4196-a6eb-a9b632b9b2d1/300x300.jpg
Produits de la Mer,b517c23c-fec3-4ed4-b402-76ab101fb63c,MPX_2381181,Delpierre Crevettes Royales 150g,7.99,53.27,"['Produits de la Mer', 'Poissonnerie', 'Crevettes et crustacés']",Delpierre,True,False,false,6.0,DAY,150g,[],https://courses.monoprix.fr/images-v3/0c44253f-c4a3-4340-9d37-d41e42b9d14a/ccb789f6-7b74-4891-8ea3-3ff05be6e5bb/300x300.jpg
Produits de la Mer,601a0fc1-a976-434e-a953-98cc6f067f9f,MPX_1947213,Cap Océan Thon Fromage Frais & Ciboulette 140g,3.49,24.93,"['Epicerie Salée', 'Produit apéritif', 'Tartinable et Produit de la Mer', 'Tapenade et Autre Tartinable']",Cap Océan,True,False,false,1.0,WEEK,140g,[],https://courses.monoprix.fr/images-v3/0c44253f-c4a3-4340-9d37-d41e42b9d14a/59379261-9997-4821-b36b-a43a1b7aa5c0/300x300.jpg
Produits de la Mer,8586f554-5980-4602-b871-81c30bd04a9d,MPX_6591629,Monoprix dos de cabillaud 440 g,10.9,24.77,"['Produits de la Mer', 'Poissonnerie', 'Filets, pavés de poissons']",Monoprix,True,False,false,2.0,MONTH,440g,['Produit congelé'],https://courses.monoprix.fr/images-v3/0c44253f-c4a3-4340-9d37-d41e42b9d14a/7af48c6b-7a4b-469c-8b1c-fd47c2986072/300x300.jpg
Produits de la Mer,083a5b36-78e1-4f3c-847e-2cd93831080e,MPX_1817734,Monoprix Gourmet Pavé de saumon mi-cuit épices fumé au bois de hêtre 120 g,8.15,67.92,"['Produits de la Mer', 'Traiteur de la Mer', 'Saumons et truites fumées']",Monoprix Gourmet,True,False,false,1.0,WEEK,120g,[],https://courses.monoprix.fr/images-v3/0c44253f-c4a3-4340-9d37-d41e42b9d14a/6c6262a4-21c2-4d55-9e86-ffdd41e20576/300x300.jpg
Produits de la Mer,fd9c53af-b973-4eaa-ad08-10e6c36ab752,MPX_1817901,Monoprix Gourmet Tartare de saumon cru 100g,5.79,57.9,"['Produits de la Mer', 'Traiteur de la Mer', 'Saumons et truites fumées']",Monoprix Gourmet,True,False,false,5.0,DAY,100g,[],https://courses.monoprix.fr/images-v3/0c44253f-c4a3-4340-9d37-d41e42b9d14a/3bead86e-df7f-4c96-889a-91ca543efa0f/300x300.jpg
Produits de la Mer,a76ced6e-f971-4032-97e9-91b86472ff0d,MPX_2188151,Ovive Truite Fumée Bio 4 Tranches 100 g,7.09,70.9,"['Produits de la Mer', 'Traiteur de la Mer', 'Saumons et truites fumées']",Ovive,True,False,false,1.0,WEEK,100g,['Produit bio'],https://courses.monoprix.fr/images-v3/0c44253f-c4a3-4340-9d37-d41e42b9d14a/25fa824a-5b7c-45c2-84ce-15e0a1923412/300x300.jpg
Produits de la Mer,4d424798-b3b6-42aa-ae99-052c4626a9cd,MPX_2223028,Delicemer TARTINABLE CRABE 120G ,4.09,34.08,"['Epicerie Salée', 'Produit apéritif', 'Tartinable et Produit de la Mer', 'Tapenade et Autre Tartinable']",Delicemer,True,False,false,1.0,WEEK,120g,[],https://courses.monoprix.fr/images-v3/0c44253f-c4a3-4340-9d37-d41e42b9d14a/171167c0-8c37-46a5-b65c-ed855150149e/300x300.jpg
Produits de la Mer,a9e576ff-085c-4c04-969c-c1aa0cb25afe,MPX_6574788,Jc David Filet de haddock 140g,6.19,44.21,"['Produits de la Mer', 'Poissonnerie', 'Filets, pavés de poissons']",Jc David,True,False,false,6.0,DAY,140g,[],https://courses.monoprix.fr/images-v3/0c44253f-c4a3-4340-9d37-d41e42b9d14a/99014b0b-674f-43e9-aa36-1b5f8e25322b/300x300.jpg
Produits de la Mer,e90fedc8-10d7-4dcc-94d0-65725be59e7d,MPX_799743,"Fjord King Filets De Maquereaux, Fumés Au Poivre 252G",4.16,22.5,"['Produits de la Mer', 'Poissonnerie', 'Filets, pavés de poissons']",Fjord King,True,False,false,1.0,WEEK,185,[],https://courses.monoprix.fr/images-v3/0c44253f-c4a3-4340-9d37-d41e42b9d14a/2859f19b-41d1-438f-a171-3c24a28f6183/300x300.jpg
Produits de la Mer,cfd706fa-abba-4e4e-be0c-3bf4d25f04d3,MPX_1934971,Monoprix Saumon fumé d'Ecosse 140g,7.59,54.21,"['Produits de la Mer', 'Traiteur de la Mer', 'Saumons et truites fumées']",Monoprix,True,False,false,1.0,WEEK,140g,[],https://courses.monoprix.fr/images-v3/0c44253f-c4a3-4340-9d37-d41e42b9d14a/43ed490b-a750-43c0-bb45-daffe68b0a65/300x300.jpg
Produits de la Mer,1d888f89-3c3d-4bad-91ee-cae28bb0df04,MPX_1543878,Monoprix Gourmet Saumon fumé Ecosse Label rouge 160g,11.9,74.38,"['Produits de la Mer', 'Traiteur de la Mer', 'Saumons et truites fumées']",Monoprix Gourmet,True,False,false,1.0,WEEK,160g,[],https://courses.monoprix.fr/images-v3/0c44253f-c4a3-4340-9d37-d41e42b9d14a/2cac84e8-38ed-4a37-9adb-02aaa89e7b97/300x300.jpg
Produits de la Mer,3fe90fae-81c1-4bc8-9350-2e21d45c244d,MPX_3612107,Compagnie Des Pêches Le Breizh Surimi Saveur Crabe 500g,5.49,10.98,"['Produits de la Mer', 'Traiteur de la Mer', 'Surimis']", Compagnie des pêches Saint-Malo,True,False,false,2.0,WEEK,500g,[],https://courses.monoprix.fr/images-v3/0c44253f-c4a3-4340-9d37-d41e42b9d14a/cc7cb363-0c6f-43bf-a24c-4b7b28ae0234/300x300.jpg
Produits de la Mer,7607b836-74cb-4cbf-ad03-d3a481a59e09,MPX_2410438,Monoprix Blinis cocktail 135 g,1.85,13.7,"['Pain et Viennoiserie', 'Toast, Canapé et Blini', 'Blini']",Monoprix,True,False,false,1.0,WEEK,135g,[],https://courses.monoprix.fr/images-v3/0c44253f-c4a3-4340-9d37-d41e42b9d14a/0e681571-059e-449e-96e1-491530c7c56a/300x300.jpg
Produits de la Mer,7dff355c-1185-4e61-9e15-ecb6aec53bfc,MPX_6609492,Fleury Michon Surimi MSC 500g,6.69,13.38,"['Produits de la Mer', 'Traiteur de la Mer', 'Surimis']",Fleury Michon,True,False,false,1.0,WEEK,500g,[],https://courses.monoprix.fr/images-v3/0c44253f-c4a3-4340-9d37-d41e42b9d14a/88e3358f-39b1-4a69-a979-6447101db966/300x300.jpg
Produits de la Mer,3d8cf5e6-9ade-4088-b156-343651234a03,MPX_6715737,Labeyrie tranches créatives saumon fumé 4 à 6 tranches 80g,6.59,82.38,"['Produits de la Mer', 'Traiteur de la Mer', 'Saumons et truites fumées']",Labeyrie,True,False,false,1.0,WEEK,80g,[],https://courses.monoprix.fr/images-v3/0c44253f-c4a3-4340-9d37-d41e42b9d14a/8f43a4d2-0718-46b8-b165-198df0cf82f7/300x300.jpg
Produits de la Mer,17fb7115-49f3-420f-a3f4-c027f052fca3,MPX_6642671,Fleury Michon Surimi Le Délicieux 12 bâtonnets,2.49,13.11,"['Produits de la Mer', 'Traiteur de la Mer', 'Surimis']",Fleury michon,True,False,false,1.0,WEEK,190g,[],https://courses.monoprix.fr/images-v3/0c44253f-c4a3-4340-9d37-d41e42b9d14a/cb22fc9c-6015-4596-9ae2-4106191cf240/300x300.jpg
Produits de la Mer,cfe4921b-1fc9-4a66-9739-44e17bdab512,MPX_2470304,Monoprix oeufs lompes noir 100g,3.59,35.9,"['Epicerie Salée', 'Produit apéritif', 'Tartinable et Produit de la Mer', 'Caviar et Œufs']",Monoprix,True,False,false,6.0,MONTH,100g,[],https://courses.monoprix.fr/images-v3/0c44253f-c4a3-4340-9d37-d41e42b9d14a/b4f8c921-d9c1-4878-85dd-8ca3258eede0/300x300.jpg
Produits de la Mer,03d778bc-eafc-47b6-9d96-71b9d26b9f7f,MPX_3671043,Cité Marine Anneaux de Calamars à la Romaine 180g,4.5,25.0,"['La Halle', 'La Poissonnerie']",Cité Marine,True,False,false,5.0,DAY,180g,[],https://courses.monoprix.fr/images-v3/0c44253f-c4a3-4340-9d37-d41e42b9d14a/310ee703-3b12-41bf-9290-27eb68e5568b/300x300.jpg
Produits de la Mer,037c7f54-9cae-470f-b16c-0ccd5ab1bbd9,MPX_3355509,Monoprix Gourmet Saumon Mariné Façon Gravlax 120g,7.59,63.25,"['Produits de la Mer', 'Traiteur de la Mer', 'Saumons et truites fumées']",Monoprix Gourmet,True,False,false,6.0,DAY,120g,[],https://courses.monoprix.fr/images-v3/0c44253f-c4a3-4340-9d37-d41e42b9d14a/8bc13c03-3a69-451a-88dd-3c81d37d5b86/300x300.jpg
Produits de la Mer,6e99611a-e585-4f27-8c60-6010f0a84f6b,MPX_1543877,Monoprix Gourmet Saumon fumé Label rouge 80g,6.55,81.88,"['Produits de la Mer', 'Traiteur de la Mer', 'Saumons et truites fumées']",Monoprix Gourmet,True,False,false,1.0,WEEK,80g,[],https://courses.monoprix.fr/images-v3/0c44253f-c4a3-4340-9d37-d41e42b9d14a/937937e2-0ed2-47a2-b729-34d9eba23a6e/300x300.jpg
Produits de la Mer,c6bb79c3-1ea5-4726-83b2-9bfb4adfee93,MPX_6566249,Monoprix filets de Merlu blanc façon meunière 220g,4.99,22.68,"['Produits de la Mer', 'Poissonnerie', 'Filets, pavés de poissons']",MONOPRIX,True,False,false,2.0,DAY,220g,[],https://courses.monoprix.fr/images-v3/0c44253f-c4a3-4340-9d37-d41e42b9d14a/36ffd3d1-476b-44b0-b307-1677ef80f68c/300x300.jpg
Produits de la Mer,5fd0ef6e-83ab-4362-b63f-51569c402875,MPX_5508952,Assiette Bleue Pané de Colin d’Alaska msc x2 -200g,3.5,17.5,"['Produits de la Mer', 'Traiteur de la Mer', 'Poissons panés et cuisinés']",L'Assiette Bleue,True,False,false,1.0,WEEK,200g,[],https://courses.monoprix.fr/images-v3/0c44253f-c4a3-4340-9d37-d41e42b9d14a/d5db3fa3-8084-469c-8f14-e91433f0f388/300x300.jpg
Produits de la Mer,ce577968-ff04-49e7-8337-685e1a29cd17,MPX_4091571,Monoprix 28 Bâtonnets Surimi MSC 500g,3.14,6.28,"['Nos sélections', 'Inspiration du moment', '& Frigo vide', 'Produits de la mer']",Monoprix,True,False,false,1.0,WEEK,500g,[],https://courses.monoprix.fr/images-v3/0c44253f-c4a3-4340-9d37-d41e42b9d14a/c54fca41-e20b-4448-9351-53f0fcd3eb4e/300x300.jpg
Produits de la Mer,97acb2b5-594f-4c61-8352-63af9baac1d0,MPX_2223033,Delicemer TARTINABLE COCKTAIL CREVETTES 120G,3.75,31.25,"['Epicerie Salée', 'Produit apéritif', 'Tartinable et Produit de la Mer', 'Tapenade et Autre Tartinable']",Delicemer,True,False,false,1.0,WEEK,120g,[],https://courses.monoprix.fr/images-v3/0c44253f-c4a3-4340-9d37-d41e42b9d14a/b851f5cc-43fd-4cf7-bd57-708d9eb87af7/300x300.jpg
Produits de la Mer,2daca77d-3246-4135-a482-7022c93714e0,MPX_6224930,Monoprix Gourmet terrine aux noix de st-jacques au vin blanc 2x 60g,3.39,28.25,"['Mes marques Monoprix', 'Monoprix Gourmet', 'Les Collab Monoprix Gourmet']",Monoprix Gourmet,True,False,false,2.0,WEEK,120g,[],https://courses.monoprix.fr/images-v3/0c44253f-c4a3-4340-9d37-d41e42b9d14a/ed27ef10-2698-46fc-8083-3fa1fa887c6a/300x300.jpg
Produits de la Mer,d246e30a-20f1-4c24-ae75-bc1c505032c4,MPX_3367117,Monoprix bio mini blini x16 bio 135g,2.99,22.15,"['Pain et Viennoiserie', 'Toast, Canapé et Blini', 'Blini']",Monoprix Bio,True,False,false,1.0,WEEK,135g,['Produit bio'],https://courses.monoprix.fr/images-v3/0c44253f-c4a3-4340-9d37-d41e42b9d14a/4e3e43ea-b922-46f2-95a1-4608a14383bb/300x300.jpg
Produits de la Mer,b14a1d6a-b881-409c-97eb-d9efd768696a,MPX_5165838,Fleury Michon Bâtonnets Surimi X 18 - 288G,4.29,14.9,"['Produits de la Mer', 'Traiteur de la Mer', 'Surimis']",Fleury michon,True,False,false,1.0,WEEK,288g,[],https://courses.monoprix.fr/images-v3/0c44253f-c4a3-4340-9d37-d41e42b9d14a/0ad0eafd-3dfa-44ca-9959-caafed6b92c2/300x300.jpg
Produits de la Mer,f207dbef-69d0-42c4-ae08-cc818465d0d3,MPX_139627,Monoprix Tarama cabillaud 250g,2.99,11.96,"['Epicerie Salée', 'Produit apéritif', 'Tartinable et Produit de la Mer', 'Houmous et Tarama']",Monoprix,True,False,false,1.0,WEEK,250g,[],https://courses.monoprix.fr/images-v3/0c44253f-c4a3-4340-9d37-d41e42b9d14a/9ee11b4b-cfc9-4777-8762-13c895d75d12/300x300.jpg
Produits de la Mer,5c747b24-7f3c-437d-a1c4-091adfe8c123,MPX_6573635,Pêcheries Basques Truite Fumée des Pyrénées 120g,6.79,56.58,"['Produits de la Mer', 'Traiteur de la Mer', 'Saumons et truites fumées']",Pêcheries Basques,True,False,false,1.0,WEEK,120g,[],https://courses.monoprix.fr/images-v3/0c44253f-c4a3-4340-9d37-d41e42b9d14a/802b998e-595b-4ca2-b6f7-aeb6fb586e67/300x300.jpg
Produits de la Mer,4cce4897-58b3-4c84-954c-95b2add48506,MPX_4262979,Cité Marine Accras de Morue à la Créole MSC 180g,3.4,18.89,"['La Halle', 'Le Traiteur']",Cité Marine,True,False,false,1.0,WEEK,180g,[],https://courses.monoprix.fr/images-v3/0c44253f-c4a3-4340-9d37-d41e42b9d14a/d1a17878-494e-42e3-b01f-3a5971ae24ea/300x300.jpg
Produits de la Mer,31737753-80b5-439c-a8a4-ea4166bab922,MPX_2426207,Monoprix maquereaux fumés au poivre 150g,3.49,23.27,"['Nos sélections', 'Inspiration du moment', '& Frigo vide', 'Produits de la mer']",Monoprix,True,False,false,1.0,WEEK,150g,[],https://courses.monoprix.fr/images-v3/0c44253f-c4a3-4340-9d37-d41e42b9d14a/c4ed1193-9864-4c6e-8dde-db56f19805ee/300x300.jpg
Produits de la Mer,a8c595e2-2752-4ba4-936d-bac095b1e0db,MPX_4091570,Monoprix 20 bâtonnets surimi MSC 320g,2.49,7.78,"['Produits de la Mer', 'Traiteur de la Mer', 'Surimis']",Monoprix,True,False,false,1.0,WEEK,320g,[],https://courses.monoprix.fr/images-v3/0c44253f-c4a3-4340-9d37-d41e42b9d14a/25430809-3213-4940-9420-d7a71d15266d/300x300.jpg
Produits de la Mer,d444abbb-173a-404e-9c7f-afe8aaa55c04,MPX_6622417,Monoprix truite fumée au bois de hêtre 90g,3.49,38.78,"['Produits de la Mer', 'Traiteur de la Mer', 'Saumons et truites fumées']",Monoprix,True,False,false,1.0,WEEK,90g,[],https://courses.monoprix.fr/images-v3/0c44253f-c4a3-4340-9d37-d41e42b9d14a/ab87e6af-9465-4b26-8dcf-f89a6012bd8d/300x300.jpg
Produits de la Mer,e579f39a-c07d-47b8-99d8-c286dd828547,MPX_2335256,Delpierre Gambas 200G,12.5,62.5,"['Produits de la Mer', 'Poissonnerie', 'Crevettes et crustacés']",Delpierre,True,False,false,4.0,DAY,200g,[],https://courses.monoprix.fr/images-v3/0c44253f-c4a3-4340-9d37-d41e42b9d14a/8b17a2a8-8dc4-40f1-97ed-8367ecab10b8/300x300.jpg
Produits de la Mer,891cede8-e779-404a-88be-3b1428c13f9e,MPX_3959855,Labeyrie Saumon fumé Le Savoureux de Norvège -25% de sel 4 tranches 130g,9.29,71.46,"['Produits de la Mer', 'Traiteur de la Mer', 'Saumons et truites fumées']",Labeyrie,True,False,false,1.0,WEEK,130g,[],https://courses.monoprix.fr/images-v3/0c44253f-c4a3-4340-9d37-d41e42b9d14a/184a9ebf-e68f-433e-91b3-a6ca3de690b3/300x300.jpg
Produits de la Mer,c3025c04-f28c-4dab-b6f5-98cba7f5d5e6,MPX_1934254,Cap Océan Rillettes De Saumon 150G,3.69,24.6,"['Epicerie Salée', 'Produit apéritif', 'Tartinable et Produit de la Mer', 'Rillette de la mer']",Cap Océan,True,False,false,1.0,WEEK,150g,[],https://courses.monoprix.fr/images-v3/0c44253f-c4a3-4340-9d37-d41e42b9d14a/881f0a63-34b0-41de-92a1-f0010330e279/300x300.jpg
Produits de la Mer,6f49b9b8-03f1-4db8-ba87-c192b17238cb,MPX_3512676,Filet de cabillaud 250g,11.49,45.96,"['Produits de la Mer', 'Poissonnerie', 'Les poissons frais']",MONOPRIX,True,False,false,2.0,DAY,250g,[],https://courses.monoprix.fr/images-v3/0c44253f-c4a3-4340-9d37-d41e42b9d14a/30ed906e-6038-4a5f-beb3-43f8f7765027/300x300.jpg
Produits de la Mer,54e1e61c-575b-4dd7-95d9-8c8c0649efe5,MPX_5196527,Mowi Saumon Fumé Bio X4 Tranches Mini 110 G,8.89,80.82,"['Produits de la Mer', 'Traiteur de la Mer', 'Saumons et truites fumées']",MOWI,True,False,false,1.0,WEEK,110g,['Produit bio'],https://courses.monoprix.fr/images-v3/0c44253f-c4a3-4340-9d37-d41e42b9d14a/9629dc42-68fa-4a3a-bed8-4918e5fd9bc4/300x300.jpg
Produits de la Mer,39a65329-d5f4-4036-a4c4-b929e26b4537,MPX_2470305,Monoprix Oeufs de Lompe Rouges 100g,3.69,36.9,"['Epicerie Salée', 'Produit apéritif', 'Tartinable et Produit de la Mer', 'Caviar et Œufs']",Monoprix,True,False,false,6.0,MONTH,100g,[],https://courses.monoprix.fr/images-v3/0c44253f-c4a3-4340-9d37-d41e42b9d14a/f0c29759-5f7b-477b-9ad2-e8c693279654/300x300.jpg
Produits de la Mer,b949489d-5b60-4cca-9cbc-98aac01041ce,MPX_3821287,Compagnie Des Pêches Pesk Biz Au Crabe 152G,3.69,24.28,"['Produits de la Mer', 'Traiteur de la Mer', 'Surimis']", Compagnie des pêches Saint-Malo,True,False,false,2.0,WEEK,152g,[],https://courses.monoprix.fr/images-v3/0c44253f-c4a3-4340-9d37-d41e42b9d14a/6b492cbc-43d7-4267-a2ac-aae5d6978d72/300x300.jpg
Produits de la Mer,63ad39b8-16c1-463c-8d66-28e9c92cc87c,MPX_6591630,Monoprix Filet De Colin D'Alaska Msc 500G,7.69,15.38,"['Produits de la Mer', 'Poissonnerie', 'Filets, pavés de poissons']",Monoprix,True,False,false,2.0,MONTH,500g,['Produit congelé'],https://courses.monoprix.fr/images-v3/0c44253f-c4a3-4340-9d37-d41e42b9d14a/a0d5b7b1-f357-425f-ba36-3e2964ce6d75/300x300.jpg
Produits de la Mer,29b4a1ba-5a57-4aa6-9668-784b7dff03bf,MPX_2752590,Monoprix Gourmet Emincés de Saumon Rouge 100g,7.35,73.5,"['Produits de la Mer', 'Traiteur de la Mer', 'Saumons et truites fumées']",Monoprix Gourmet,True,False,false,1.0,WEEK,100g,[],https://courses.monoprix.fr/images-v3/0c44253f-c4a3-4340-9d37-d41e42b9d14a/e5eff87c-338c-4dbc-b315-49b70ca907c5/300x300.jpg
Produits de la Mer,c9343f76-b4a1-4edc-871e-c788a1c3a559,MPX_3647575,Monoprix Bio Crevettes Cuites Bio 200g,4.99,24.95,"['Nos sélections', 'Inspiration du moment', '& Le Coin du marché', 'Poissons']",Monoprix Bio,True,False,false,3.0,DAY,200g,['Produit bio'],https://courses.monoprix.fr/images-v3/0c44253f-c4a3-4340-9d37-d41e42b9d14a/593a8381-09e0-471c-aac1-0552c9fd888e/300x300.jpg
Produits de la Mer,21c97c22-6d57-41c1-9d30-b4514e126c1a,MPX_6235496,Monoprix Gourmet oeuf de saumon keta du pacifique 50g,8.99,179.8,"['Noël', 'Les Pépites de Monoprix pour Noël', 'Les essentiels Monoprix Gourmet']",Monoprix Gourmet,True,False,false,1.0,MONTH,50g,[],https://courses.monoprix.fr/images-v3/0c44253f-c4a3-4340-9d37-d41e42b9d14a/b35a91ca-366f-4ac4-96a0-f42c51506ff4/300x300.jpg
Produits de la Mer,b825c5ef-185e-40b2-999f-0a28f160f979,MPX_2653983,Monoprix Gourmet Cubes de saumon fumé aux graines de sésame 90g,5.99,66.56,"['Produits de la Mer', 'Traiteur de la Mer', 'Saumons et truites fumées']",Monoprix Gourmet,True,False,false,1.0,WEEK,90g,[],https://courses.monoprix.fr/images-v3/0c44253f-c4a3-4340-9d37-d41e42b9d14a/e40f1b9d-608e-40e2-a0ce-e367ed139c30/300x300.jpg
Produits de la Mer,9716ac5b-d3be-4da2-8a59-4356564c90dc,MPX_5216924,Petit Navire Rillettes de saumon démarche responsable 125g,2.89,23.12,"['Produits de la Mer', 'Traiteur de la Mer', 'Tartinable, Blini et Œufs']",Petit navire,True,False,false,1.0,YEAR,125g,[],https://courses.monoprix.fr/images-v3/0c44253f-c4a3-4340-9d37-d41e42b9d14a/b21f46f5-c8ea-4df7-9342-008853625a22/300x300.jpg
Produits de la Mer,20795866-5265-448c-ac7a-05f8dad3975f,MPX_3612332,Sir Edward'S Saumon D'Ecosse 100G,9.29,92.9,"['Produits de la Mer', 'Traiteur de la Mer', 'Saumons et truites fumées']",Sir Edward's,True,False,false,1.0,WEEK,100g,[],https://courses.monoprix.fr/images-v3/0c44253f-c4a3-4340-9d37-d41e42b9d14a/2c59c5d3-ec36-4487-9519-c9da3655e2a6/300x300.jpg
Produits de la Mer,91eca455-dbab-4f88-ad27-dfdb7c0ebb5b,MPX_3777161,Monoprix Crevettes Entières 500g,8.99,17.98,"['Produits de la Mer', 'Poissonnerie', 'Les poissons frais']",Monoprix,True,False,false,1.0,DAY,500g,[],https://courses.monoprix.fr/images-v3/0c44253f-c4a3-4340-9d37-d41e42b9d14a/5da4bd74-6213-4982-aabb-77140b38d589/300x300.jpg
Produits de la Mer,091b8788-e90c-4541-b504-cdbf15077a37,MPX_1419137,Groix & Nature Croutons Nature,2.05,27.33,"['Produits de la Mer', 'Traiteur de la Mer', 'Soupe de poissons et sauces']",Groix & Nature,True,False,false,2.0,MONTH,75g,[],https://courses.monoprix.fr/images-v3/0c44253f-c4a3-4340-9d37-d41e42b9d14a/d023d251-883d-4145-81fe-e8434f0e14da/300x300.jpg
Produits de la Mer,e2718455-264d-4fa3-8532-9249830fe2a2,MPX_2223029,Delicemer Traiteur Tartinable Thon 120g,3.75,31.25,"['Epicerie Salée', 'Produit apéritif', 'Tartinable et Produit de la Mer', 'Tapenade et Autre Tartinable']",Delicemer,True,False,false,1.0,WEEK,120g,[],https://courses.monoprix.fr/images-v3/0c44253f-c4a3-4340-9d37-d41e42b9d14a/5f34df3a-6949-4c73-a17c-5dd4702caab4/300x300.jpg
Produits de la Mer,76dcab04-2594-4b4b-92d9-f5a505c56ae9,MPX_1115332,"J.C. David Filets de harengs, doux et fumés au bois de hêtre 200 g",5.29,26.45,"['Produits de la Mer', 'Poissonnerie', 'Filets, pavés de poissons']",J.C. DAVID,True,False,false,1.0,WEEK,200g,[],https://courses.monoprix.fr/images-v3/0c44253f-c4a3-4340-9d37-d41e42b9d14a/e66824a9-4798-4cd2-b655-fc506fe57202/300x300.jpg
Produits de la Mer,f052a3e9-62ed-460c-9c5d-a112c5192d47,MPX_3293191,Rolmer Carpaccio de Saumon 155g,9.99,64.45,"['La Halle', 'La Poissonnerie']",Rolmer,True,False,false,4.0,DAY,155g,[],https://courses.monoprix.fr/images-v3/0c44253f-c4a3-4340-9d37-d41e42b9d14a/bac0daf2-4997-4895-b345-2395c99b6bfd/300x300.jpg
Produits de la Mer,4893b131-c2a2-4dc7-9222-e2707b0e9694,MPX_2575306,Labeyrie Saumon Fumé d'Ecosse x2 Tranches 75g,6.59,87.87,"['Produits de la Mer', 'Traiteur de la Mer', 'Saumons et truites fumées']",Labeyrie,True,False,false,1.0,WEEK,75g,[],https://courses.monoprix.fr/images-v3/0c44253f-c4a3-4340-9d37-d41e42b9d14a/4bf3138f-6a2e-4a20-8494-935237f243dc/300x300.jpg
Produits de la Mer,4530535a-94fe-4628-9ce3-ab07dd61a8af,MPX_2753660,Delpierre Filet de Morue sans dessalage 250g,9.99,39.96,"['La Halle', 'La Poissonnerie']",Delpierre,True,False,false,3.0,DAY,250g,[],https://courses.monoprix.fr/images-v3/0c44253f-c4a3-4340-9d37-d41e42b9d14a/e58062c5-8f85-415b-b4bf-5f75c7ae0e29/300x300.jpg
Produits de la Mer,9f9f7cf1-f39a-474b-8e81-b20182b713a4,MPX_3367143,Monoprix Gourmet POULPES OLIVES VERTES 100G,6.89,68.9,"['Produits de la Mer', 'Traiteur de la Mer', 'Poissons panés et cuisinés']",Monoprix Gourmet,True,False,false,1.0,WEEK,100g,[],https://courses.monoprix.fr/images-v3/0c44253f-c4a3-4340-9d37-d41e42b9d14a/f4e2e47a-c4eb-4c12-9cce-48a9f76851c2/300x300.jpg
Produits de la Mer,f6a1da75-55aa-423b-a28e-e7e6e7322851,MPX_3183944,Monoprix Gourmet Saumon Atlantique Fumé x4 Tranches 140g,10.9,77.86,"['Noël', 'Les Pépites de Monoprix pour Noël', 'Les essentiels Monoprix Gourmet']",Monoprix Gourmet,True,False,false,1.0,WEEK,140g,[],https://courses.monoprix.fr/images-v3/0c44253f-c4a3-4340-9d37-d41e42b9d14a/a53177b5-27b8-4522-b7ff-067f13a55ba0/300x300.jpg
Produits de la Mer,e43131df-710b-47fe-9093-59814f3d965f,MPX_3537120,Atelier De Fumaison Safa Coeur De Saumon Bio 150G,12.9,86.0,"['Produits de la Mer', 'Traiteur de la Mer', 'Saumons et truites fumées']",Atelier de Fumaison Safa,True,False,false,1.0,WEEK,150g,[],https://courses.monoprix.fr/images-v3/0c44253f-c4a3-4340-9d37-d41e42b9d14a/bc6fc0ed-482e-430d-9014-20fb3c81bf43/300x300.jpg
Produits de la Mer,a2a272a9-0c53-4383-8819-402d54e96f12,MPX_2008356,Blini Blinis Apero 125G,2.85,22.8,"['Pain et Viennoiserie', 'Toast, Canapé et Blini', 'Blini']",Blini,True,False,false,1.0,WEEK,125g,[],https://courses.monoprix.fr/images-v3/0c44253f-c4a3-4340-9d37-d41e42b9d14a/6db5b976-e386-4619-bda7-844ec121cbb2/300x300.jpg
Produits de la Mer,2b8cbc65-17ec-4d24-a063-135720f3cd2d,MPX_3612333,Sir Edward'S Saumon Fumé D'Ecosse 200G,17.9,89.5,"['Produits de la Mer', 'Traiteur de la Mer', 'Saumons et truites fumées']",Sir Edward's,True,False,false,5.0,DAY,200g,[],https://courses.monoprix.fr/images-v3/0c44253f-c4a3-4340-9d37-d41e42b9d14a/94b23c0a-bfb0-45fb-9a81-3e827bc64255/300x300.jpg
Produits de la Mer,46761f2c-7b60-42af-8f93-31635b183b00,MPX_6715738,Labeyrie tranches créatives saumon fumé 4-6 tranches 80g,6.59,82.38,"['Produits de la Mer', 'Traiteur de la Mer', 'Saumons et truites fumées']",Labeyrie,True,False,false,1.0,WEEK,80g,[],https://courses.monoprix.fr/images-v3/0c44253f-c4a3-4340-9d37-d41e42b9d14a/787dea12-fcb0-4d4e-9d5d-fafc7907d753/300x300.jpg
Produits de la Mer,0637a7e7-ad9f-4294-bf0e-e6209847ec68,MPX_6600722,Safa saumon fumé bio atlantique x4 tranches 140g,11.9,85.0,"['Produits de la Mer', 'Traiteur de la Mer', 'Saumons et truites fumées']",Safa,True,False,false,1.0,WEEK,140g,['Produit bio'],https://courses.monoprix.fr/images-v3/0c44253f-c4a3-4340-9d37-d41e42b9d14a/22b57f5f-ddd5-4df0-ac95-4d8910304414/300x300.jpg
Produits de la Mer,970b0fea-7e4c-4bcf-aa51-e6e93615bc7d,MPX_6674173,I Piscatura filets d'anchois à l'huile d'olive 48g,5.59,116.46,"['Produits du monde', 'Italie - Italia', 'Gressin, Tartinable et Condiment']",I Piscatura,True,False,false,6.0,MONTH,48g,[],https://courses.monoprix.fr/images-v3/0c44253f-c4a3-4340-9d37-d41e42b9d14a/7848d375-2608-4660-9678-e35bf1ba6825/300x300.jpg
Produits de la Mer,2a952ec8-8cf8-4f4e-b165-5f0ec5d8fa44,MPX_4233693,Atelier Blini Betteraves Rouges Cultivées En Champagne 175G,4.75,27.14,"['Produits de la Mer', 'Traiteur de la Mer', 'Tartinable, Blini et Œufs']",Atelier Blini,True,False,false,1.0,WEEK,175g,[],https://courses.monoprix.fr/images-v3/0c44253f-c4a3-4340-9d37-d41e42b9d14a/aff38bf9-5792-4999-b392-37b5b7779046/300x300.jpg
Produits de la Mer,628ceb43-9f51-45ee-86ba-28adfe94127e,MPX_6600360,L'Assiette Bleu Nuggets De Colin D'Alaska Msc 185G,3.99,21.57,"['Produits de la Mer', 'Traiteur de la Mer', 'Poissons panés et cuisinés']",L'Assiette Bleu,True,False,false,1.0,WEEK,185g,[],https://courses.monoprix.fr/images-v3/0c44253f-c4a3-4340-9d37-d41e42b9d14a/0b2774fe-9e96-41d4-a5fb-67f60ae71c49/300x300.jpg
Produits de la Mer,22a675b6-b4cd-4b2a-9120-cb2b6ffc66b1,MPX_6565014,Maison Briau 4 croques cabillaud 400g,8.99,22.48,"['La Halle', 'La Poissonnerie']",Maison Briau,True,False,false,4.0,DAY,400g,[],https://courses.monoprix.fr/images-v3/0c44253f-c4a3-4340-9d37-d41e42b9d14a/2e927792-52f5-4d44-b90a-16cb8508a729/300x300.jpg
Produits de la Mer,116183c8-ffbb-4108-b5b1-5e89ac71cb7b,MPX_2442243,Monoprix anchois à l'ail câpres et citron MSC 150g,4.49,49.89,"['Produits de la Mer', 'Traiteur de la Mer', 'Harengs, Maquereaux, Haddocks (Anchois)']",Monoprix,True,False,false,2.0,MONTH,90g,[],https://courses.monoprix.fr/images-v3/0c44253f-c4a3-4340-9d37-d41e42b9d14a/3f8fc8be-4eb8-4099-a942-7c5d1cd7b683/300x300.jpg
Produits de la Mer,1c85e874-81a9-4ed1-829b-2e48c25d8408,MPX_6573634,Pêcheries Basques truite des Pyrénées fumée x3 tranches 90g,4.99,55.44,"['Produits de la Mer', 'Traiteur de la Mer', 'Saumons et truites fumées']",Pecheries Basques,True,False,false,1.0,WEEK,90g,[],https://courses.monoprix.fr/images-v3/0c44253f-c4a3-4340-9d37-d41e42b9d14a/92486997-4f14-496f-9014-9eeb18d71e32/300x300.jpg
Produits de la Mer,067ecceb-b09f-4f9f-b565-9d04ffd78de3,MPX_6613655,Pavé De Truite 120 g,5.5,45.83,"['Produits de la Mer', 'Poissonnerie', 'Les poissons frais']",MN,True,False,false,2.0,DAY,120g,[],https://courses.monoprix.fr/images-v3/0c44253f-c4a3-4340-9d37-d41e42b9d14a/30c99fc7-e28b-41b0-b83c-34980a1f36f5/300x300.jpg
Produits de la Mer,86b20491-8270-4af9-a3b1-1811e2d2cea9,MPX_4122858,Monoprix Truite Fumé ASC élevée mer 120g,5.25,43.75,"['Produits de la Mer', 'Traiteur de la Mer', 'Saumons et truites fumées']",Monoprix,True,False,false,1.0,WEEK,120g,[],https://courses.monoprix.fr/images-v3/0c44253f-c4a3-4340-9d37-d41e42b9d14a/821798e1-ebf3-4601-9d8e-734ea4514254/300x300.jpg
Produits de la Mer,726194e9-fd83-44fd-932e-77d137c18b7a,MPX_5196525,Mowi Saumon Fumé Ecosse Asc x4 Tranches Mini 120 g,8.09,67.42,"['Produits de la Mer', 'Traiteur de la Mer', 'Saumons et truites fumées']",MOWI,True,False,false,1.0,WEEK,120g,[],https://courses.monoprix.fr/images-v3/0c44253f-c4a3-4340-9d37-d41e42b9d14a/4ed9bfa3-e433-413a-b3c8-9ac448442e25/300x300.jpg
Produits de la Mer,2d468e5e-4091-49a7-b942-de068450d6ff,MPX_1789362,Conserverie Provenca Conserverie Anchois Sel 130G,2.65,20.38,"['Nos régions de France', 'Paca', 'Provence']",Conserveries Provençales,True,False,false,2.0,MONTH,130g,[],https://courses.monoprix.fr/images-v3/0c44253f-c4a3-4340-9d37-d41e42b9d14a/16d4504e-8843-43a0-b6c5-eca10e89493a/300x300.jpg
Produits de la Mer,07f38b29-a404-4f28-91ad-5add64e3da30,MPX_6596202,La Sablaise mayonnaise authentique 135g,2.99,22.15,"['Produits de la Mer', 'Traiteur de la Mer', 'Soupe de poissons et sauces']",La Sablaise,True,False,false,2.0,WEEK,135g,[],https://courses.monoprix.fr/images-v3/0c44253f-c4a3-4340-9d37-d41e42b9d14a/695d71f5-6417-4eb1-b359-7a2dea67ccd1/300x300.jpg
Produits de la Mer,fb752be9-5a69-457a-a504-3ae7d1fa564c,MPX_3959675,Cité Marine Aiguille de Cabillaud Pané Msc en Barquette 210g,5.99,28.52,"['Produits de la Mer', 'Traiteur de la Mer', 'Poissons panés et cuisinés']",Cité Marine,True,False,false,4.0,DAY,210g,[],https://courses.monoprix.fr/images-v3/0c44253f-c4a3-4340-9d37-d41e42b9d14a/984ec4bb-ff6a-459a-b5f0-4e5979189b2c/300x300.jpg
Produits de la Mer,15a62c9e-1471-4347-bdf5-54b0513bf0c1,MPX_2713598,Andréas Mavrommatis Tamara Blanc,4.2,26.25,"['Epicerie Salée', 'Produits du monde', 'Grèce']",MAVROMMATIS,True,False,false,3.0,DAY,160g,[],https://courses.monoprix.fr/images-v3/0c44253f-c4a3-4340-9d37-d41e42b9d14a/fc5868d1-f234-4734-a5c1-1650df7abfd4/300x300.jpg
Produits de la Mer,670fec30-13a7-42af-81c7-cb6a284fbaa2,MPX_2427286,Conserverie Provenca Anchois Marines à l'Ail Barquette 200g,3.99,19.95,"['Nos régions de France', 'Paca', 'Provence']",Conserveries Provençales,True,False,false,1.0,MONTH,200g,[],https://courses.monoprix.fr/images-v3/0c44253f-c4a3-4340-9d37-d41e42b9d14a/89c3fde0-b3c8-40f4-bc4f-e1e20d7bf3cf/300x300.jpg
Produits de la Mer,d05709fa-a470-4db7-bb75-3e7479a17d04,MPX_4233692,Atelier Blini Tartinade Carotte Jaune & Fromage 175g,4.45,25.43,"['Produits de la Mer', 'Traiteur de la Mer', 'Tartinable, Blini et Œufs']",Atelier Blini,True,False,false,1.0,WEEK,175g,[],https://courses.monoprix.fr/images-v3/0c44253f-c4a3-4340-9d37-d41e42b9d14a/9fb32f86-8fdc-45aa-9f43-e6ad7bc9a587/300x300.jpg
Produits de la Mer,765dd4d1-7309-46b3-a7ad-6b2a6925e246,MPX_145302,Monoprix Filets de Hareng Fumés Doux 500g,5.59,18.33,"['Produits de la Mer', 'Poissonnerie', 'Filets, pavés de poissons']",Monoprix,True,False,false,1.0,WEEK,305g,[],https://courses.monoprix.fr/images-v3/0c44253f-c4a3-4340-9d37-d41e42b9d14a/9b806473-9fbb-4537-978e-5e83680240da/300x300.jpg
Produits de la Mer,ae387332-3bbf-446f-b201-d0858969af8c,MPX_1246157,Delicemer Filets D'Anguille Fumée 100g,9.99,99.9,"['Produits de la Mer', 'Poissonnerie', 'Filets, pavés de poissons']",Delicemer,True,False,false,6.0,DAY,100g,[],https://courses.monoprix.fr/images-v3/0c44253f-c4a3-4340-9d37-d41e42b9d14a/71745bdb-e1db-4171-9d59-336e035893ad/300x300.jpg
Produits de la Mer,d6760771-1d01-4021-940e-d7e413947332,MPX_6224933,Monoprix Gourmet terrine de saumon asc 2x60g,3.19,26.58,"['Mes marques Monoprix', 'Monoprix Gourmet', 'Les Collab Monoprix Gourmet']",Monoprix Gourmet,True,False,false,2.0,WEEK,120g,[],https://courses.monoprix.fr/images-v3/0c44253f-c4a3-4340-9d37-d41e42b9d14a/c6a6de7d-73ba-4ab2-8fa6-b326a36ee090/300x300.jpg
Produits de la Mer,baefa677-413e-44e7-83db-692770801f74,MPX_2665288,Monoprix Gourmet Saumon Rouge du Pacifique x2 Tranches 60g,4.59,76.5,"['Produits de la Mer', 'Traiteur de la Mer', 'Saumons et truites fumées']",Monoprix Gourmet,True,False,false,1.0,WEEK,60g,[],https://courses.monoprix.fr/images-v3/0c44253f-c4a3-4340-9d37-d41e42b9d14a/4a54e35f-c3a7-4a08-a34d-d584b7d57090/300x300.jpg
Produits de la Mer,20cad5e4-8e2e-44ef-b78b-079ce84e903b,MPX_1934972,Monoprix Saumon Fumé d'Ecosse 70g,4.55,65.0,"['Produits de la Mer', 'Traiteur de la Mer', 'Saumons et truites fumées']",Monoprix,True,False,false,1.0,WEEK,70g,[],https://courses.monoprix.fr/images-v3/0c44253f-c4a3-4340-9d37-d41e42b9d14a/e3cafb51-2316-426e-888b-7fa47b530dcc/300x300.jpg
Produits de la Mer,01d9a76c-eac9-4619-a0c3-aa11485b7784,MPX_4246806,Briau Beignets de Morue 240g,4.99,20.79,"['La Halle', 'Le Traiteur']",Briau,True,False,false,4.0,DAY,240g,[],https://courses.monoprix.fr/images-v3/0c44253f-c4a3-4340-9d37-d41e42b9d14a/db980e1e-c105-4818-8ef8-9f67e0b01896/300x300.jpg
Produits de la Mer,74684871-0981-4a72-948b-aa0c53e38c31,MPX_4200356,Coraya Surimi L'Original 21 Bâtonnets 315G,4.39,13.94,"['Produits de la Mer', 'Traiteur de la Mer', 'Surimis']",Coraya,True,False,false,1.0,WEEK,315g,[],https://courses.monoprix.fr/images-v3/0c44253f-c4a3-4340-9d37-d41e42b9d14a/28ed0610-7999-44d5-9b7f-85fee00cfe7a/300x300.jpg
Produits de la Mer,d39baf4d-13d0-45a4-9178-c948fa352d72,MPX_2291926,J.C David Soupe de Poissons Sauvages 780g,6.29,8.06,"['La Halle', 'La Poissonnerie']",J.C. DAVID,True,False,false,1.0,YEAR,780g,[],https://courses.monoprix.fr/images-v3/0c44253f-c4a3-4340-9d37-d41e42b9d14a/7f1f1311-e1ef-418a-9e8c-7344ba0a2e78/300x300.jpg
Produits de la Mer,2b00a44c-6721-4b54-9d52-3f278332ec50,MPX_2020564,Safa Saumon Fumé Atlantique Bio 2 Tranches 80g,6.99,87.38,"['Produits de la Mer', 'Traiteur de la Mer', 'Saumons et truites fumées']",Safa,True,False,false,1.0,WEEK,80g,[],https://courses.monoprix.fr/images-v3/0c44253f-c4a3-4340-9d37-d41e42b9d14a/33ea5151-dc4a-493d-9c87-fef446ec3b8b/300x300.jpg
Produits de la Mer,0f9ec11b-3eda-4e1a-820b-fd31bafb7567,MPX_6725555,Delicious filets d'anchois de la mer cantabrique 80g,6.09,76.13,"['Produits de la Mer', 'Poissonnerie', 'Filets, pavés de poissons']",Delicious,True,False,false,6.0,MONTH,80g,[],https://courses.monoprix.fr/images-v3/0c44253f-c4a3-4340-9d37-d41e42b9d14a/4c5b1909-7820-486a-ae13-a5dcf090d1b7/300x300.jpg
Produits de la Mer,31405ce6-b2cb-4953-9ca1-fd177fc48fa6,MPX_6224917,Monoprix Gourmet saumon gingembre 140g,2.65,18.93,"['Noël', 'Les Pépites de Monoprix pour Noël', 'Les essentiels Monoprix Gourmet']",Monoprix Gourmet,True,False,false,1.0,WEEK,140g,[],https://courses.monoprix.fr/images-v3/0c44253f-c4a3-4340-9d37-d41e42b9d14a/f873120a-d9ed-4b84-9cc6-9abc7ea567f1/300x300.jpg
Produits de la Mer,2c57801b-bb21-4aad-88ef-f79087df7e54,MPX_2222907,Labeyrie Sauce Aneth Spécial Saumon - 100G,2.65,26.5,"['Epicerie Salée', 'Produit apéritif', 'Tartinable et Produit de la Mer', 'Tapenade et Autre Tartinable']",Labeyrie,True,False,false,1.0,WEEK,100g,['Produit végétarien'],https://courses.monoprix.fr/images-v3/0c44253f-c4a3-4340-9d37-d41e42b9d14a/25d5a8ef-20b8-4437-8435-db01b76730d7/300x300.jpg
Produits de la Mer,91d495a5-fe5a-4d28-9664-32a3d1b93a41,MPX_2534065,[Par Naturalia] Irish Seaspray Chutes De Saumon Fumé Irlande Bio 200g,8.39,41.95,"['Naturalia', 'Produits de la mer', 'Saumons et Autres poissons']",IRISH SEASPRAY,True,False,false,1.0,WEEK,200g,['Produit bio'],https://courses.monoprix.fr/images-v3/0c44253f-c4a3-4340-9d37-d41e42b9d14a/f0183a43-ea19-4442-8a77-fc23933c6ed1/300x300.jpg
Produits de la Mer,d410bc8f-d621-45d8-a204-54ca2efb08ab,MPX_1803512,Monoprix Émincés de Haddock 100g,5.85,58.5,"['Produits de la Mer', 'Traiteur de la Mer', 'Harengs, Maquereaux, Haddocks (Anchois)']",Monoprix,True,False,false,1.0,WEEK,100g,[],https://courses.monoprix.fr/images-v3/0c44253f-c4a3-4340-9d37-d41e42b9d14a/149054d9-e0a3-4421-97e5-57e2552c74de/300x300.jpg
Produits de la Mer,72f5aeff-83cc-4df2-a124-061fa6d74f8c,MPX_6001674,Fjord King Oeufs De Saumon Rose Du Pacifique 70G,12.5,178.57,"['Produits de la Mer', 'Traiteur de la Mer', 'Tartinable, Blini et Œufs']",Fjord King,True,False,false,1.0,MONTH,70g,[],https://courses.monoprix.fr/images-v3/0c44253f-c4a3-4340-9d37-d41e42b9d14a/76ec7812-b8b3-49a3-8194-9511442dacfc/300x300.jpg
Produits de la Mer,2842e3b2-9169-48f8-9437-3f6d247a1ef3,MPX_4471906,Dorade Royale 400g,9.16,22.9,"['Produits de la Mer', 'Poissonnerie', 'Les poissons frais']",Casino,True,False,false,1.0,DAY,400,[],https://courses.monoprix.fr/images-v3/0c44253f-c4a3-4340-9d37-d41e42b9d14a/92325805-0152-4526-b4ab-70b161f1748d/300x300.jpg
Produits de la Mer,18853952-0559-42cf-8e38-536f9c61e3c8,MPX_6778101,Saumon Gravlax 4+2 Tranches,6.75,45.0,"['Produits de la Mer', 'Traiteur de la Mer', 'Saumons et truites fumées']",MOWI,True,False,false,1.0,WEEK,150g,[],https://courses.monoprix.fr/images-v3/0c44253f-c4a3-4340-9d37-d41e42b9d14a/f4e73925-6276-4f08-ab16-2de286da6cec/300x300.jpg
Produits de la Mer,881297b4-3e4a-439d-b9d4-17a7c04744d6,MPX_6123474,Monoprix gourmet émincés saumon fumé citron basilic 100g,6.99,69.9,"['Produits de la Mer', 'Traiteur de la Mer', 'Saumons et truites fumées']",Monoprix Gourmet,True,False,false,1.0,WEEK,100g,[],https://courses.monoprix.fr/images-v3/0c44253f-c4a3-4340-9d37-d41e42b9d14a/40ea16a2-b4b9-4236-a500-d91e27c9e7aa/300x300.jpg
Produits de la Mer,da43e43a-6324-416c-a2d1-93da3f649790,MPX_646974,Select Marée Rouille 90g,2.79,31.0,"['Produits de la Mer', 'Traiteur de la Mer', 'Soupe de poissons et sauces']",SELECT-MAREE,True,False,false,1.0,YEAR,90g,[],https://courses.monoprix.fr/images-v3/0c44253f-c4a3-4340-9d37-d41e42b9d14a/9c7c5567-45d2-4b6c-8813-178e4121b34f/300x300.jpg
Produits de la Mer,523499e0-333f-452e-a7c2-1c2cb68056c2,MPX_3367144,Monoprix Gourmet seiches aux légumes 100g,6.89,68.9,"['Produits de la Mer', 'Traiteur de la Mer', 'Poissons panés et cuisinés']",Monoprix Gourmet,True,False,false,1.0,WEEK,100g,[],https://courses.monoprix.fr/images-v3/0c44253f-c4a3-4340-9d37-d41e42b9d14a/4b53c0ab-fee1-4245-9ebf-cdc102397c34/300x300.jpg
Produits de la Mer,7ddb348a-014c-445e-9dcf-68fd9e21e06c,MPX_6615641,Pecheries Basques truite des Pyrénées fumée 4 tranches 120g,6.49,54.08,"['Produits de la Mer', 'Traiteur de la Mer', 'Saumons et truites fumées']",Pecheries Basques,True,False,false,1.0,WEEK,120g,[],https://courses.monoprix.fr/images-v3/0c44253f-c4a3-4340-9d37-d41e42b9d14a/ef733618-5e56-4484-b96b-f1a586a27c22/300x300.jpg
Produits de la Mer,d9fcd33f-65a4-43e2-9915-832abf06f081,MPX_4196954,Fleury Michon Surimi Fromage Ail & Fines Herbes Boite x14 224g,3.99,17.81,"['Produits de la Mer', 'Traiteur de la Mer', 'Surimis']",Fleury michon,True,False,false,1.0,WEEK,224g,[],https://courses.monoprix.fr/images-v3/0c44253f-c4a3-4340-9d37-d41e42b9d14a/cffb7b30-f996-4279-8ccd-e41e83b8f27f/300x300.jpg
Produits de la Mer,ebf50c9e-ac41-493a-a7bc-54fb1220198a,MPX_3954363,Monopri Crevettes Décortiquées Cuite Sauce Ail Et Persil 100G,4.69,46.9,"['Produits de la Mer', 'Poissonnerie', 'Crevettes et crustacés']",Monoprix,True,False,false,5.0,DAY,100g,[],https://courses.monoprix.fr/images-v3/0c44253f-c4a3-4340-9d37-d41e42b9d14a/5f79a3e2-a50e-45ce-a442-d4e8240eb2df/300x300.jpg
Produits de la Mer,813f8dbe-d1c0-409e-98fd-401f8175a958,MPX_2291927,J.C David Sauce Rouille Provençale 90g,3.8,42.22,"['La Halle', 'La Poissonnerie']",J.C. DAVID,True,False,false,1.0,YEAR,90g,[],https://courses.monoprix.fr/images-v3/0c44253f-c4a3-4340-9d37-d41e42b9d14a/f6d66000-0646-4dad-a6ef-5c40a2d605bb/300x300.jpg
Produits de la Mer,67170123-ba1d-4e9e-9d6b-7dec91eedab0,MPX_6614695,Breizh Saveur saumon fumé de Norvège 4 tranches - 100g,6.0,60.0,"['Produits de la Mer', 'Traiteur de la Mer', 'Saumons et truites fumées']",Breizh Saveur,True,False,false,1.0,WEEK,100g,[],https://courses.monoprix.fr/images-v3/0c44253f-c4a3-4340-9d37-d41e42b9d14a/55f3df8b-db5f-476a-b3f6-f3501eabcd65/300x300.jpg
Produits de la Mer,be042536-eae3-4d8c-bd14-8d2ee34659c2,MPX_6224918,Monoprix Gourmet rillettes thons poivre timur 140g,2.65,18.93,"['Noël', 'Les Pépites de Monoprix pour Noël', 'Les essentiels Monoprix Gourmet']",Monoprix Gourmet,True,False,false,1.0,WEEK,140g,[],https://courses.monoprix.fr/images-v3/0c44253f-c4a3-4340-9d37-d41e42b9d14a/2d442647-2d11-4002-89fc-92f33d41ac87/300x300.jpg
Produits de la Mer,884a2b99-25f1-487f-9506-202dc78b39d5,MPX_3952586,Ovive Truite Fumée d’Aquitaine 2 tranches 60g,4.25,70.83,"['Produits de la Mer', 'Traiteur de la Mer', 'Saumons et truites fumées']",Ovive,True,False,false,1.0,WEEK,60g,[],https://courses.monoprix.fr/images-v3/0c44253f-c4a3-4340-9d37-d41e42b9d14a/79a9853f-412a-485c-a49e-f8c7f912638a/300x300.jpg
Produits de la Mer,3596fe9c-e7c3-4ea4-af1c-1089143db662,MPX_2219746,Monoprix Crevettes cuites & décortiquées 90g,4.95,55.0,"['Produits de la Mer', 'Poissonnerie', 'Crevettes et crustacés']",Monoprix,True,False,false,5.0,DAY,90g,[],https://courses.monoprix.fr/images-v3/0c44253f-c4a3-4340-9d37-d41e42b9d14a/71e82ce8-6219-4a21-8e3e-b236bcc8c291/300x300.jpg
Produits de la Mer,08497744-99ef-41c6-b581-f55f1ecdb09b,MPX_4028699,Ovive Truite Fumée D'Aquitaine 4 tranches 120g,6.79,56.58,"['Produits de la Mer', 'Traiteur de la Mer', 'Saumons et truites fumées']",Ovive,True,False,false,1.0,WEEK,120g,[],https://courses.monoprix.fr/images-v3/0c44253f-c4a3-4340-9d37-d41e42b9d14a/21d9a796-7430-43c7-8744-c4428c72eaa3/300x300.jpg
Produits de la Mer,815edb3c-8b56-4af9-8304-3ab334e1d6a7,MPX_4042743,Sacrebleu Filet Saumon en Barquette 650g,23.49,36.14,"['Produits de la Mer', 'Poissonnerie', 'Les poissons frais']",Sacrebleu,True,False,false,2.0,DAY,650g,[],https://courses.monoprix.fr/images-v3/0c44253f-c4a3-4340-9d37-d41e42b9d14a/3cdedf09-8362-4867-9b3d-ff441006fb53/300x300.jpg
Produits de la Mer,059b11d5-ecb6-4c35-9623-645b71d43140,MPX_799591,"Fjord King Filets De Maquereaux, Fumés Et Natures 185g",4.16,22.5,"['Produits de la Mer', 'Poissonnerie', 'Filets, pavés de poissons']",Fjord King,True,False,false,1.0,WEEK,185,[],https://courses.monoprix.fr/images-v3/0c44253f-c4a3-4340-9d37-d41e42b9d14a/d0acd25b-c81a-4923-a2e5-5a7bc27bf9de/300x300.jpg
Produits de la Mer,39c22d22-2371-4f64-a5b1-5a6032a82707,MPX_6657020,Mowi saumon fumé d'Ecosse 4 tranches + 2 offertes 180g,8.09,44.94,"['Produits de la Mer', 'Traiteur de la Mer', 'Saumons et truites fumées']",Mowi,True,False,false,1.0,WEEK,180g,[],https://courses.monoprix.fr/images-v3/0c44253f-c4a3-4340-9d37-d41e42b9d14a/55d8f39c-3e17-442b-a693-fd525f2a6977/300x300.jpg
Produits de la Mer,b7377599-d772-4251-8ed2-2a41544abe08,MPX_5703445,Safa saumon atlantique fumé 4 tranches 150g,11.5,76.67,"['Produits de la Mer', 'Traiteur de la Mer', 'Saumons et truites fumées']",Safa,True,False,false,1.0,WEEK,150g,[],https://courses.monoprix.fr/images-v3/0c44253f-c4a3-4340-9d37-d41e42b9d14a/6256c580-88a3-434a-8267-dd0b045db73b/300x300.jpg
Produits de la Mer,f82b5ef3-70dd-4335-9acb-a903724c6040,MPX_6062516,Monoprix 2 pavés de saumon avec peau sans arêtes 240g,8.9,37.08,"['Produits de la Mer', 'Poissonnerie', 'Filets, pavés de poissons']",Monoprix,True,False,false,2.0,DAY,240g,[],https://courses.monoprix.fr/images-v3/0c44253f-c4a3-4340-9d37-d41e42b9d14a/c624d3c7-6b80-4654-969b-627ce8565fd0/300x300.jpg
Produits du monde,b03b52bc-2d8a-436d-a1e5-37ba3ee6d5f6,MPX_3954590,Rummo Sauce Tomates et Basilic 340g,2.99,8.79,"['Produits du monde', 'Italie - Italia', 'Sauces']",RUMMO,True,False,false,1.0,YEAR,340g,[],https://courses.monoprix.fr/images-v3/0c44253f-c4a3-4340-9d37-d41e42b9d14a/37238fdc-86ad-4f5b-affc-653e8ae1c77d/300x300.jpg
Produits du monde,f7ba97c1-7abf-4dc9-b07c-fdee8426c73a,MPX_3500098,Regent's Park bagels sésame 250g,4.65,18.6,"['Produits du monde', 'Royaume-Uni - UK', 'Biscuits, Confitures et Pâtes à tartiner']",REGENT'S PARK,True,False,false,1.0,WEEK,250g,['Produit végétarien'],https://courses.monoprix.fr/images-v3/0c44253f-c4a3-4340-9d37-d41e42b9d14a/8c6e7ed2-0c6c-40b8-8160-80ff79aa1aaf/300x300.jpg
Produits du monde,f800c424-b3e0-4f89-8105-06e37a7db0a0,MPX_1666234,"Tanoshi Pois wasabi, apéritif japonais 100g",2.69,26.9,"['Produits du monde', 'Asie 亚洲', 'Chips, Produits apéritifs et Condiments']",Tanoshi,True,False,false,2.0,MONTH,100g,[],https://courses.monoprix.fr/images-v3/0c44253f-c4a3-4340-9d37-d41e42b9d14a/0e139963-4f2f-4fef-ad7b-3b97e2e5133f/300x300.jpg
Produits du monde,99a7614a-b476-4009-98c0-10a90bab3ba9,MPX_3953854,Rummo Sauce Bolognaise 340g,4.49,13.21,"['Produits du monde', 'Italie - Italia', 'Sauces']",RUMMO,True,False,false,1.0,YEAR,340g,[],https://courses.monoprix.fr/images-v3/0c44253f-c4a3-4340-9d37-d41e42b9d14a/d96044b2-9d6d-4660-bae5-d3fcc48a174e/300x300.jpg
Produits du monde,c43bffaa-555b-4f2d-b061-658e8d8dc551,MPX_1704199,"Luna Argenta Italie - Prosecco, Brut 75Cl",8.9,11.87,"['Produits du monde', 'Italie - Italia', 'Boissons']",LUNA ARGENTA,True,False,false,,,750ml,[],https://courses.monoprix.fr/images-v3/0c44253f-c4a3-4340-9d37-d41e42b9d14a/161fc605-5d26-471c-bb0f-78e33e9850b5/300x300.jpg
Produits du monde,84dc7d77-6563-411b-a20c-6a653823dacf,MPX_2428276,Poco Loco 6 Wraps Original 370g,2.35,6.35,"['Produits du monde', 'Mexique - México', 'Tortilla et Wrap']",Poco Loco,True,False,false,1.0,MONTH,370g,"['Produit végétarien', 'Produit vegan']",https://courses.monoprix.fr/images-v3/0c44253f-c4a3-4340-9d37-d41e42b9d14a/dc655988-693a-4f9b-8201-a77ffe585f62/300x300.jpg
Produits du monde,2e294870-3280-48ad-8705-6f8f83cc1b49,MPX_2188624,Tien Shan Nouilles De Blé Instantanées Asiatiques Saveur Boeuf 85G,0.99,11.65,"['Produits du monde', 'Asie 亚洲', 'Nouilles et Vermicelles']",Tanoshi,True,False,false,1.0,MONTH,85g,[],https://courses.monoprix.fr/images-v3/0c44253f-c4a3-4340-9d37-d41e42b9d14a/3957ad34-10c4-4067-a6ec-b2c8cb11914b/300x300.jpg
Produits du monde,d2337f02-6166-47cb-8319-94b7e5c23fa9,MPX_2787141,Tanoshi Japon Sauce Soja Réduite En Sel 200Ml,3.99,19.95,"['Produits du monde', 'Asie 亚洲', 'Sauce soja, Nems et Nuoc mam']",Tanoshi,True,False,false,2.0,MONTH,200ml,['Produit végétarien'],https://courses.monoprix.fr/images-v3/0c44253f-c4a3-4340-9d37-d41e42b9d14a/1cb1667c-cbfb-4e71-acd7-daab13f2c83b/300x300.jpg
Produits du monde,b7a361a5-b78c-4c84-aef7-a7c2f239ccfa,MPX_3526690,"Tortillas au Blé Bio x6, 240g",2.25,9.38,"['Produits du monde', 'Mexique - México', 'Tortilla et Wrap']",Poco Loco,True,False,false,1.0,MONTH,240g,"['Produit végétarien', 'Produit bio']",https://courses.monoprix.fr/images-v3/0c44253f-c4a3-4340-9d37-d41e42b9d14a/e0f3e0bf-5edb-44f8-995b-b67e8254caee/300x300.jpg
Produits du monde,a96d4984-c683-4f0b-9d97-a1150e50f02d,MPX_1788182,Tanoshi japon nouilles japonaises saveur poulet teriyaki 65g,1.89,29.08,"['Produits du monde', 'Asie 亚洲', 'Nouilles et Vermicelles']",Tanoshi,True,False,false,1.0,MONTH,65g,[],https://courses.monoprix.fr/images-v3/0c44253f-c4a3-4340-9d37-d41e42b9d14a/eb99439b-5bed-4d58-ba99-f0031e2e051c/300x300.jpg
Produits du monde,db82cd13-0910-4329-8126-4eed85c18079,MPX_1952072,Tanoshi Japon Nouilles Japonaises Saveur Bœuf Teppanyaki 65g,1.79,27.54,"['Produits du monde', 'Asie 亚洲', 'Nouilles et Vermicelles']",Tanoshi,True,False,false,1.0,MONTH,65g,[],https://courses.monoprix.fr/images-v3/0c44253f-c4a3-4340-9d37-d41e42b9d14a/1c4ed55f-64c0-4ebf-8fc9-01b16cb6b327/300x300.jpg
Produits du monde,6b24f712-7fab-4a62-97b3-d7d409c6cb63,MPX_2076988,Menguy's pistaches grillées à sec 300g,3.69,12.3,"['Produits du monde', 'Oriental', 'Dattes, Graines et Fruits secs']",Menguy's,True,False,false,2.0,MONTH,300g,[],https://courses.monoprix.fr/images-v3/0c44253f-c4a3-4340-9d37-d41e42b9d14a/e3743bb9-2ab5-4280-bb4e-5052d4afb8b9/300x300.jpg
Produits du monde,65a51e96-bc1a-45d1-b3fe-c3bf99daf482,MPX_2291680,Maple Joe Sirop d'Erable Bouteille Bio 250g,7.19,28.76,"['Produits du monde', 'Etats-Unis - USA', 'Pains, Biscuits et Confiseries']",Maple Joe,True,False,false,6.0,MONTH,250g,['Produit bio'],https://courses.monoprix.fr/images-v3/0c44253f-c4a3-4340-9d37-d41e42b9d14a/d9cec8e1-1d9a-434d-a102-4c795feb32dd/300x300.jpg
Produits du monde,bd4776c6-f07f-4d82-87a5-fd49232d46b3,MPX_1666230,"Tanoshi Ramen soja/caramel, nouilles Japonaises précuites 360 g",3.99,11.08,"['Produits du monde', 'Asie 亚洲', 'Nouilles et Vermicelles']",Tanoshi,True,False,false,2.0,MONTH,360g,[],https://courses.monoprix.fr/images-v3/0c44253f-c4a3-4340-9d37-d41e42b9d14a/0cd9fb55-0610-4355-b2df-1b8ba32d63f7/300x300.jpg
Produits du monde,a8318a3b-1365-4610-b2ab-0d91b7000cce,MPX_2811555,Rummo Sauce pesto rosso 190g,3.79,19.95,"['Produits du monde', 'Italie - Italia', 'Sauces']",RUMMO,True,False,false,6.0,MONTH,190g,[],https://courses.monoprix.fr/images-v3/0c44253f-c4a3-4340-9d37-d41e42b9d14a/1563d61d-2a64-4d97-9130-42eeb38908a5/300x300.jpg
Produits du monde,6432cbc5-7abe-4457-b274-362e0e4bb86a,MPX_6567315,Tanoshi nouille de riz sèches 400g,2.99,7.48,"['Produits du monde', 'Asie 亚洲', 'Nouilles et Vermicelles']",Tanoshi,True,False,false,1.0,MONTH,400g,['Produit végétarien'],https://courses.monoprix.fr/images-v3/0c44253f-c4a3-4340-9d37-d41e42b9d14a/49478de3-f225-47db-9c76-e204b05cbeb5/300x300.jpg
Produits du monde,3f503e02-a26d-4d6e-b3c5-d595537c5f3f,MPX_2787139,Tanoshi Cacahuète Wasabi 100g,2.79,27.9,"['Produits du monde', 'Asie 亚洲', 'Chips, Produits apéritifs et Condiments']",Tanoshi,True,False,false,1.0,MONTH,100g,[],https://courses.monoprix.fr/images-v3/0c44253f-c4a3-4340-9d37-d41e42b9d14a/cbc6e2bc-ce7e-4104-b4df-f9ff4d84d6d3/300x300.jpg
Produits du monde,f23a658a-d223-40e7-8a58-fee88083f824,MPX_2309540,"Tanoshi Nouilles Japonaises, Saveur Légumes Et Sauce Soja 65 G",1.89,29.08,"['Produits du monde', 'Asie 亚洲', 'Nouilles et Vermicelles']",Tanoshi,True,False,false,1.0,MONTH,65g,[],https://courses.monoprix.fr/images-v3/0c44253f-c4a3-4340-9d37-d41e42b9d14a/b90d395d-4649-40c7-a4b9-bc498fd756a4/300x300.jpg
Produits du monde,7aa0607a-5ff8-412c-ba36-183e279a6b33,MPX_2811554,Rummo sauce pesto genovese 190g,3.79,19.95,"['Produits du monde', 'Italie - Italia', 'Sauces']",RUMMO,True,False,false,6.0,MONTH,190g,[],https://courses.monoprix.fr/images-v3/0c44253f-c4a3-4340-9d37-d41e42b9d14a/ee419e55-c577-448f-8bc0-f23e51a9d9cc/300x300.jpg
Produits du monde,932e5958-6af2-4ae7-9943-7800f5cdd425,MPX_2999385,Poco Loco 4 Wraps au Blé Complet 245g,2.49,10.16,"['Produits du monde', 'Mexique - México', 'Tortilla et Wrap']",Poco Loco,True,False,false,1.0,MONTH,245g,[],https://courses.monoprix.fr/images-v3/0c44253f-c4a3-4340-9d37-d41e42b9d14a/b806f44e-9db0-4a3e-99cc-9fcb338b5161/300x300.jpg
Produits du monde,b8ace8ed-f36c-4e6c-92fe-86be25c2c1fa,MPX_2309544,Tien Shan Nouilles De Blé Instantanées Asiatiques Saveur Curry 85G,0.99,11.65,"['Produits du monde', 'Asie 亚洲', 'Nouilles et Vermicelles']",Tanoshi,True,False,false,1.0,MONTH,85g,[],https://courses.monoprix.fr/images-v3/0c44253f-c4a3-4340-9d37-d41e42b9d14a/8dcf4142-977f-4cb8-9c1e-247a4c0ba8c5/300x300.jpg
Produits du monde,3dbea845-c86f-4614-be7b-8c4e97e4f8cd,MPX_2188619,Tanoshi Nouilles De Blé Saveur Poulet 85g,0.99,11.65,"['Produits du monde', 'Asie 亚洲', 'Nouilles et Vermicelles']",Tanoshi,True,False,false,1.0,MONTH,85g,[],https://courses.monoprix.fr/images-v3/0c44253f-c4a3-4340-9d37-d41e42b9d14a/6add34c6-97c5-43e2-bcdc-ec7f3254cb64/300x300.jpg
Produits du monde,58cb0d14-8f2b-4d11-bf7f-1230db6ffcc0,MPX_2699331,Poco Loco Tortillas de Maïs 320g,2.49,7.78,"['Produits du monde', 'Mexique - México', 'Tortilla et Wrap']",Poco Loco,True,False,false,1.0,MONTH,320g,[],https://courses.monoprix.fr/images-v3/0c44253f-c4a3-4340-9d37-d41e42b9d14a/610864a6-0c0a-4eeb-bfd2-ebd2098cf3cb/300x300.jpg
Produits du monde,e8dd02c4-5c06-4e33-8c07-3636326ea608,MPX_2020456,"Tanoshi Ramen Boeuf, Nouilles Japonaises Précuites 360 G",4.09,11.36,"['Produits du monde', 'Asie 亚洲', 'Nouilles et Vermicelles']",Tanoshi,True,False,false,2.0,MONTH,360g,[],https://courses.monoprix.fr/images-v3/0c44253f-c4a3-4340-9d37-d41e42b9d14a/b77c67fa-8c5c-4058-a968-9b89f885e4b6/300x300.jpg
Produits du monde,78b49548-74ef-478b-833d-c1f0252683a5,MPX_1952053,"Tanoshi Japon Algues Nori Grillées Pour Sushi et Maki 17,5g",3.39,188.33,"['Produits du monde', 'Asie 亚洲', 'Soupe, Riz et Plat cuisiné']",Tanoshi,True,False,false,2.0,MONTH,18g,[],https://courses.monoprix.fr/images-v3/0c44253f-c4a3-4340-9d37-d41e42b9d14a/319c7fed-9ce5-4e68-bbd6-167d57704726/300x300.jpg
Produits du monde,5027e3a1-7528-43a7-8e87-3786b68e588a,MPX_3046773,Tanoshi Japon Nouilles Japonaises Saveur Poulet Shiitaké 65g,1.99,30.62,"['Produits du monde', 'Asie 亚洲', 'Nouilles et Vermicelles']",Tanoshi,True,False,false,1.0,MONTH,65g,[],https://courses.monoprix.fr/images-v3/0c44253f-c4a3-4340-9d37-d41e42b9d14a/cbf30b43-8905-4df9-bb54-fd868e7679ef/300x300.jpg
Produits du monde,9964036e-161d-4912-803a-c7b6c7e46dc6,MPX_3046772,Tanoshi Japon Nouilles Japonaises Saveur Curry Japonais Epicé 65g,1.99,30.62,"['Produits du monde', 'Asie 亚洲', 'Nouilles et Vermicelles']",Tanoshi,True,False,false,1.0,MONTH,65g,[],https://courses.monoprix.fr/images-v3/0c44253f-c4a3-4340-9d37-d41e42b9d14a/6623be02-cd1f-4fc9-98ba-ab1120103136/300x300.jpg
Produits du monde,e5bc9bc4-04ab-4970-8175-b8a3776d6155,MPX_1651769,Tano Soupe Miso Tofu 61G,3.35,54.92,"['Produits du monde', 'Asie 亚洲', 'Soupe, Riz et Plat cuisiné']",Tanoshi,True,False,false,1.0,MONTH,61g,[],https://courses.monoprix.fr/images-v3/0c44253f-c4a3-4340-9d37-d41e42b9d14a/deb34111-7614-4cff-b31e-e0729fa77af9/300x300.jpg
Produits du monde,26c9c198-d819-4b02-aad6-919ad1cce4c6,MPX_3789034,Tanoshi Tano Cup Nouilles Sans Color Poulet 64G,3.39,52.97,"['Produits du monde', 'Asie 亚洲', 'Nouilles et Vermicelles']",Tanoshi,True,False,false,1.0,MONTH,64g,[],https://courses.monoprix.fr/images-v3/0c44253f-c4a3-4340-9d37-d41e42b9d14a/17a98a81-bbad-4fe2-86fd-94e83b5639cd/300x300.jpg
Produits du monde,6291b623-b997-4375-9343-8052ae708a32,MPX_1820201,Tanoshi Japon Gingembre en Fines Lamelles 200g,4.99,49.9,"['Produits du monde', 'Asie 亚洲', 'Chips, Produits apéritifs et Condiments']",Tanoshi,True,False,false,1.0,MONTH,100g,[],https://courses.monoprix.fr/images-v3/0c44253f-c4a3-4340-9d37-d41e42b9d14a/5883ac3c-89db-445e-a02f-76257d01e15c/300x300.jpg
Produits du monde,5fb76b7d-7a9c-4512-a33c-5d327467716a,MPX_1820195,Tanoshi Japon Sauce Soja 200ml,3.99,19.95,"['Produits du monde', 'Asie 亚洲', 'Sauce soja, Nems et Nuoc mam']",Tanoshi,True,False,false,2.0,MONTH,200ml,['Produit végétarien'],https://courses.monoprix.fr/images-v3/0c44253f-c4a3-4340-9d37-d41e42b9d14a/dec6e239-00ff-48cd-966c-873525236ef5/300x300.jpg
Produits du monde,c0939555-2294-42c3-8db1-8ccbe5adb17c,MPX_6621891,Wai Wai nouilles instantanées poulet 3x 60g,1.99,11.06,"['Produits du monde', 'Asie 亚洲', 'Nouilles et Vermicelles']",Wai Wai,True,False,false,2.0,MONTH,3 x 60g,['Produit halal'],https://courses.monoprix.fr/images-v3/0c44253f-c4a3-4340-9d37-d41e42b9d14a/cf3811e9-5865-405a-ae95-1b00ef29c552/300x300.jpg
Produits du monde,04ddd295-4ad2-4c67-a6bf-edcced30af9d,MPX_1952036,Tanoshi Vinaigre de Riz 150ml,3.99,26.6,"['Produits du monde', 'Asie 亚洲', 'Sauce soja, Nems et Nuoc mam']",Tanoshi,True,False,false,2.0,MONTH,150ml,[],https://courses.monoprix.fr/images-v3/0c44253f-c4a3-4340-9d37-d41e42b9d14a/412686c6-0955-470c-bd65-970ae0011371/300x300.jpg
Produits du monde,aca6095b-6b70-4e13-9830-f79f201a85b3,MPX_1965774,Martini Martini Spumante Prosecco 75Cl,9.79,13.05,"['Produits du monde', 'Italie - Italia', 'Boissons']",Martini,True,False,false,,,750ml,[],https://courses.monoprix.fr/images-v3/0c44253f-c4a3-4340-9d37-d41e42b9d14a/86524fad-d55b-4835-90ae-e67416c2734c/300x300.jpg
Produits du monde,1a97dd74-27c5-4cee-b387-f2dcef4394ab,MPX_6621889,Wai Wai nouilles instantanées saveur bœuf 3x 60g,1.99,11.06,"['Produits du monde', 'Asie 亚洲', 'Nouilles et Vermicelles']",Wai Wai,True,False,false,2.0,MONTH,3 x 60g,['Produit halal'],https://courses.monoprix.fr/images-v3/0c44253f-c4a3-4340-9d37-d41e42b9d14a/a05c3b5e-30e7-410d-b33e-222747573191/300x300.jpg
Produits du monde,aab2c0a0-9fb2-4e86-9dda-31bb87eee045,MPX_1952015,Tanoshi Riz Sushi Japonica 450g,4.29,9.53,"['Produits du monde', 'Asie 亚洲', 'Soupe, Riz et Plat cuisiné']",Tanoshi,True,False,false,2.0,MONTH,450g,[],https://courses.monoprix.fr/images-v3/0c44253f-c4a3-4340-9d37-d41e42b9d14a/0efc6437-620c-4925-9320-53768d85a7ac/300x300.jpg
Produits du monde,5bf37f14-38b2-43c1-9fda-3ff36e63d65c,MPX_2291679,Maple Joe Pur Sirop D'Érable 150G,4.99,33.27,"['Produits du monde', 'Etats-Unis - USA', 'Pains, Biscuits et Confiseries']",Maple Joe,True,False,false,6.0,MONTH,150g,[],https://courses.monoprix.fr/images-v3/0c44253f-c4a3-4340-9d37-d41e42b9d14a/d6f478b6-69d9-4830-92d7-e8a74e6f5257/300x300.jpg
Produits du monde,5592e6cc-4cdb-46ad-8bbe-7a745b059215,MPX_3417239,Tanoshi Sauce Soja Bio 200ml,5.15,25.75,"['Produits du monde', 'Asie 亚洲', 'Sauce soja, Nems et Nuoc mam']",Tanoshi,True,False,false,1.0,MONTH,200ml,['Produit bio'],https://courses.monoprix.fr/images-v3/0c44253f-c4a3-4340-9d37-d41e42b9d14a/82fea024-6706-49d2-a792-2fcc9d479d92/300x300.jpg
Produits du monde,968888fc-3790-4ad5-9d41-dbc29fe21b31,MPX_343595,Tien Shan Nouilles chinoise 250 g,2.39,9.56,"['Produits du monde', 'Asie 亚洲', 'Nouilles et Vermicelles']",Tanoshi,True,False,false,1.0,MONTH,250g,['Produit végétarien'],https://courses.monoprix.fr/images-v3/0c44253f-c4a3-4340-9d37-d41e42b9d14a/0773cde1-064d-4546-ba17-c1c9bb8edea6/300x300.jpg
Produits du monde,94ea112a-ad02-4172-80ed-04cb777b710c,MPX_1651775,Tano Soupe Miso Legumes 65G,3.39,52.15,"['Produits du monde', 'Asie 亚洲', 'Soupe, Riz et Plat cuisiné']",Tanoshi,True,False,false,1.0,MONTH,65g,[],https://courses.monoprix.fr/images-v3/0c44253f-c4a3-4340-9d37-d41e42b9d14a/77ce0ec5-bf3d-4859-8a48-f922654750af/300x300.jpg
Produits du monde,3487e976-3776-4187-9469-547dc5d9e975,MPX_1417011,Tiptree Marmelade Old Time Orange 340g,6.19,18.21,"['Produits du monde', 'Royaume-Uni - UK', 'Biscuits, Confitures et Pâtes à tartiner']",TIPTREE,True,False,false,6.0,MONTH,340g,[],https://courses.monoprix.fr/images-v3/0c44253f-c4a3-4340-9d37-d41e42b9d14a/53eceb8b-1a25-45a5-aa55-8d9b04140a84/300x300.jpg
Produits du monde,86010f6a-606d-4b79-9ea0-4a6aa3d03f90,MPX_3611218,Florelli Fleurs De Câpres Au Vinaigre 270G,4.79,45.62,"['Produits du monde', 'Italie - Italia', 'Gressin, Tartinable et Condiment']",Florelli,True,False,false,6.0,MONTH,105g,[],https://courses.monoprix.fr/images-v3/0c44253f-c4a3-4340-9d37-d41e42b9d14a/f592dfc4-f77a-4903-95c9-de5fed5e243d/300x300.jpg
Produits du monde,6b649895-33b5-4bf4-be36-8178cd99c2f9,MPX_5145470,Rosa Dell Angelo Speck 80G,5.35,66.88,"['Produits du monde', 'Italie - Italia', 'Mortadelle, Saucisson et Jambon cru']",ROSA DELL ANGELO,True,False,false,1.0,WEEK,80g,[],https://courses.monoprix.fr/images-v3/0c44253f-c4a3-4340-9d37-d41e42b9d14a/211f8c3d-04c8-4bfb-a76f-f385d9662f5c/300x300.jpg
Produits du monde,4bd69b3f-b37b-4585-abda-93ff4515505c,MPX_2625266,Florelli Sauce Tomate Aux Aubergines Et Ricotta 250G,3.39,13.56,"['Produits du monde', 'Italie - Italia', 'Sauces']",Florelli,True,False,false,6.0,MONTH,250g,[],https://courses.monoprix.fr/images-v3/0c44253f-c4a3-4340-9d37-d41e42b9d14a/d080847d-6c7b-4a30-83d6-6234482078c0/300x300.jpg
Produits du monde,37546e87-4c0c-48f2-8844-ff09d676ef5f,MPX_4077471,Jimmy's Pop Corn Sucré Salé 100g,2.75,27.5,"['Produits du monde', 'Etats-Unis - USA', 'Pains, Biscuits et Confiseries']",JIMMYS,True,False,false,1.0,MONTH,100g,[],https://courses.monoprix.fr/images-v3/0c44253f-c4a3-4340-9d37-d41e42b9d14a/75706c6d-2164-4078-bce9-fd46b9c01b13/300x300.jpg
Produits du monde,7be8d7d9-cc05-428b-a494-561f9d3cc92e,MPX_4378921,Mortadelle à la truffe 110g,4.79,43.55,"['Produits du monde', 'Italie - Italia', 'Mortadelle, Saucisson et Jambon cru']",VILLANI,True,False,false,1.0,WEEK,110g,[],https://courses.monoprix.fr/images-v3/0c44253f-c4a3-4340-9d37-d41e42b9d14a/a3af4c54-cb0d-4363-8793-dbd068af6535/300x300.jpg
Produits du monde,1034b60a-1e9e-4f8a-b3a8-2c5c3a80da84,MPX_2309717,"Nissin Nouilles Sautées, Classique 109G",1.99,18.26,"['Produits du monde', 'Asie 亚洲', 'Nouilles et Vermicelles']",Nissin,True,False,false,2.0,MONTH,109g,[],https://courses.monoprix.fr/images-v3/0c44253f-c4a3-4340-9d37-d41e42b9d14a/f44e1a06-52e5-490c-9eae-cfab3ab2b34a/300x300.jpg
Produits du monde,d967281c-61af-47be-8071-31dd8dc3d7f2,MPX_1756959,Old El Paso Sauce Salsa Douce 226g,3.19,14.12,"['Produits du monde', 'Mexique - México', 'Sauces et Accompagnements']",Old el Paso,True,False,false,2.0,MONTH,226g,[],https://courses.monoprix.fr/images-v3/0c44253f-c4a3-4340-9d37-d41e42b9d14a/2ff60272-442e-476f-b8dc-ea85b420a976/300x300.jpg
Produits du monde,351cd9f2-44be-481a-8629-2d2b2dec0180,MPX_4202785,L'italie des fromages ricotta 10% 250g,2.49,9.96,"['Produits du monde', 'Italie - Italia', 'Mozzarella, Parmesan, Burrata et Ricotta']",L'ITALIE DES FROMAGES,True,False,false,1.0,WEEK,250g,[],https://courses.monoprix.fr/images-v3/0c44253f-c4a3-4340-9d37-d41e42b9d14a/bd21453a-b7e8-497c-97c7-c17b844b9e46/300x300.jpg
Produits du monde,53c1d25d-6dfb-47a3-908a-6013e409655d,MPX_2339864,Hikari Miso Soupe tofu Naganegi 58g,4.79,82.59,"['Produits du monde', 'Asie 亚洲', 'Soupe, Riz et Plat cuisiné']",HIKARI MISO,True,False,false,2.0,MONTH,58g,[],https://courses.monoprix.fr/images-v3/0c44253f-c4a3-4340-9d37-d41e42b9d14a/172bb305-ebe5-4877-8b1b-43fdda968024/300x300.jpg
Produits du monde,6bed8da4-7c5a-4f32-9be3-f8cbc027dfab,MPX_886405,Seeberger Dattes Dénoyautées 200G,2.99,14.95,"['Produits du monde', 'Oriental', 'Dattes, Graines et Fruits secs']",Seeberger,True,False,false,2.0,MONTH,200g,[],https://courses.monoprix.fr/images-v3/0c44253f-c4a3-4340-9d37-d41e42b9d14a/d7daa607-1e22-4e61-bb50-323ea40aab70/300x300.jpg
Produits du monde,a754629f-ee6f-4fa0-8a04-464e13dccba4,MPX_2107278,Caresse Antillaise Goyave Rose 1L,3.99,3.99,"['Produits du monde', 'Produits créoles - kré(y)ol', 'Jus et Soda']",Caresse antillaise,True,False,false,3.0,WEEK,1L,[],https://courses.monoprix.fr/images-v3/0c44253f-c4a3-4340-9d37-d41e42b9d14a/518b8992-d8e8-49c7-acce-caf4160df7e3/300x300.jpg
Produits du monde,7315573f-ee25-4f6b-bf7c-1c316ba1c836,MPX_1652231,"Toscoro Crème De Vinaigre Balsamique De Modène, Igp 25 Cl",4.99,19.96,"['Produits du monde', 'Italie - Italia', ""Vinaigre et Huile d'olives""]",Toscoro,True,False,false,6.0,MONTH,250ml,[],https://courses.monoprix.fr/images-v3/0c44253f-c4a3-4340-9d37-d41e42b9d14a/a8a44df9-74af-4276-b33d-67ef09453fea/300x300.jpg
Produits du monde,e9796a3d-660d-45a1-9012-7b75aed51ff7,MPX_1864296,Old El Paso Kit Pour Fajitas Saveur Tomates & Poivrons Medium 500g,6.49,12.98,"['Produits du monde', 'Mexique - México', 'Kit Tacos, Fajitas et Burritos']",Old el Paso,True,False,false,2.0,MONTH,500g,"['Produit végétarien', 'Produit vegan']",https://courses.monoprix.fr/images-v3/0c44253f-c4a3-4340-9d37-d41e42b9d14a/b750a46d-18c7-4890-be2b-602d9897f5f6/300x300.jpg
Produits du monde,80c81c2a-a469-4004-a325-2cee466004e8,MPX_2535512,Nissin Cup Noodles Nouilles Japonaises Légumes Epicés Pirikara 66G,1.99,30.15,"['Produits du monde', 'Asie 亚洲', 'Nouilles et Vermicelles']",Nissin,True,False,false,1.0,MONTH,66g,[],https://courses.monoprix.fr/images-v3/0c44253f-c4a3-4340-9d37-d41e42b9d14a/752edcb1-f942-481c-924f-6cf2c011435e/300x300.jpg
Produits du monde,4b02f3ea-04c3-4353-921a-96cc1b3a515a,MPX_4077487,Jimmy's Pop Corn Sucré 100g,2.75,27.5,"['Produits du monde', 'Etats-Unis - USA', 'Pains, Biscuits et Confiseries']",JIMMYS,True,False,false,1.0,MONTH,100g,[],https://courses.monoprix.fr/images-v3/0c44253f-c4a3-4340-9d37-d41e42b9d14a/15aa129c-f422-4b4e-82bb-496ab823fb1d/300x300.jpg
Produits du monde,8ecb7ece-d30a-4e96-a241-c89f1f0252b0,MPX_2687284,Olives Noires Denoyautees Serpis Boite 150 G X 12,2.89,19.27,"['Produits du monde', 'Espagne - España', 'Epicerie Salée et Sucrée']",Serpis,True,False,false,1.0,YEAR,150g,[],https://courses.monoprix.fr/images-v3/0c44253f-c4a3-4340-9d37-d41e42b9d14a/aefa6e0c-5291-45d8-a4d9-5ab7e402860e/300x300.jpg
Produits du monde,5cbdc4d9-7ac7-4605-b0a8-70678e66d165,MPX_6610422,La Molisana Tomates Cerises 400g,2.15,8.96,"['Produits du monde', 'Italie - Italia', 'Sauces']",La Molisana,True,False,false,1.0,YEAR,240g,[],https://courses.monoprix.fr/images-v3/0c44253f-c4a3-4340-9d37-d41e42b9d14a/bb58369a-b7de-45fe-a306-8779514fb03b/300x300.jpg
Produits du monde,ca7e71c5-700c-46d3-b71b-213ea72d34b0,MPX_6174477,Villani jambon cru italien pastorello 110g,5.29,48.09,"['Produits du monde', 'Italie - Italia', 'Mortadelle, Saucisson et Jambon cru']",Villani,True,False,false,3.0,WEEK,110g,[],https://courses.monoprix.fr/images-v3/0c44253f-c4a3-4340-9d37-d41e42b9d14a/762aef82-8f97-40a1-a910-f4b0abdf3f72/300x300.jpg
Produits du monde,d19f0ce8-8e2e-4061-bf91-81aa241d95b8,MPX_3011180,Nissin Soba Nouilles Yakitori Poulet à la Sauce Takisoba 89g,3.29,36.97,"['Produits du monde', 'Asie 亚洲', 'Soupe, Riz et Plat cuisiné']",Nissin,True,False,false,2.0,MONTH,89g,[],https://courses.monoprix.fr/images-v3/0c44253f-c4a3-4340-9d37-d41e42b9d14a/76144b44-dc39-4937-b44a-bbf0f6554700/300x300.jpg
Produits du monde,304c1283-59ef-4286-b620-c959135edd0f,MPX_3267630,"Delverde Tagliatelle A Nido N°82, Bio 250G",2.89,11.56,"['Produits du monde', 'Italie - Italia', 'Pâtes, Riz et Risotto']",Delverde,True,False,false,6.0,MONTH,250g,['Produit bio'],https://courses.monoprix.fr/images-v3/0c44253f-c4a3-4340-9d37-d41e42b9d14a/17238f24-476f-4229-97b2-d0ab39a08de2/300x300.jpg
Produits du monde,de8636a4-9eae-46c9-92ae-33fd5d36333a,MPX_64099,Yoplait Yorik Lait Fermenté Bouteille 1l,2.15,2.15,"['Produits du monde', 'Oriental', 'Boissons']",Yorik,True,False,false,1.0,WEEK,1L,[],https://courses.monoprix.fr/images-v3/0c44253f-c4a3-4340-9d37-d41e42b9d14a/22ee6218-58b0-4160-859c-67f6ffb5f76f/300x300.jpg
Produits du monde,9c392886-49d1-4e49-b8b3-aaecb567eb8b,MPX_3953124,Lea Et Perrins Worcestershire Sauce 150Ml,3.35,22.33,"['Produits du monde', 'Royaume-Uni - UK', 'Chips, Fromages, Sauces et Autres']",Heinz,True,False,false,6.0,MONTH,150ml,[],https://courses.monoprix.fr/images-v3/0c44253f-c4a3-4340-9d37-d41e42b9d14a/caeed2a8-3765-4ef8-a7e3-b456a9d562eb/300x300.jpg
Produits du monde,a29b8375-5436-4d2b-a58a-30ca213961dc,MPX_6531612,Florelli pesto rouge 190g,2.99,15.74,"['Produits du monde', 'Italie - Italia', 'Sauces']",Florelli,True,False,false,2.0,MONTH,190g,[],https://courses.monoprix.fr/images-v3/0c44253f-c4a3-4340-9d37-d41e42b9d14a/19ed1488-1707-494f-8097-77745858c7f1/300x300.jpg
Produits du monde,229ed794-d8a6-4629-b938-d223c811da92,MPX_1122426,Apollo Noodles Saveur Légumes 85g,0.85,10.0,"['Produits du monde', 'Produits créoles - kré(y)ol', 'Epicerie et Autres']",APOLLO,True,False,false,2.0,MONTH,85g,['Produit halal'],https://courses.monoprix.fr/images-v3/0c44253f-c4a3-4340-9d37-d41e42b9d14a/978af361-6d32-40bd-bca3-83fe880dbbd6/300x300.jpg
Produits du monde,c8d6942d-03bb-498a-a8e7-70e89bd03a6a,MPX_6235484,Jajaja tortillas de maïs bleu sans gluten 210 g,3.99,19.0,"['Produits du monde', 'Mexique - México', 'Tortilla et Wrap']",Jajaja,True,False,false,2.0,MONTH,210g,['Produit vegan'],https://courses.monoprix.fr/images-v3/0c44253f-c4a3-4340-9d37-d41e42b9d14a/d6f69ba3-7af1-454d-9abb-7ab89fc777e3/300x300.jpg
Produits du monde,f3055372-04c2-455d-8b39-265e8d139add,MPX_6619449,Kikkoman panko japanese style 227g,4.39,19.34,"['Produits du monde', 'Asie 亚洲', 'Nouilles et Vermicelles']",Kikkoman,True,False,false,6.0,MONTH,227g,['Produit végétarien'],https://courses.monoprix.fr/images-v3/0c44253f-c4a3-4340-9d37-d41e42b9d14a/d29d2a60-f641-407c-9c29-061b208a2cec/300x300.jpg
Produits du monde,e839b648-8cc5-4b54-841c-0499caa3e271,MPX_501366,"Classic Foods Of America Pancake-Mix, Préparation Pour Pancakes 460g",4.69,10.2,"['Produits du monde', 'Etats-Unis - USA', 'Pains, Biscuits et Confiseries']",Classic Foods of America,True,False,false,1.0,MONTH,460g,[],https://courses.monoprix.fr/images-v3/0c44253f-c4a3-4340-9d37-d41e42b9d14a/4deb9261-87c9-4b01-88d4-e2d295c08ca8/300x300.jpg
Produits du monde,1693790d-2aea-4195-831c-41c0b4351301,MPX_2306425,Florelli confit de tomates séchées 190g,3.29,17.32,"['Produits du monde', 'Italie - Italia', 'Gressin, Tartinable et Condiment']",Florelli,True,False,false,6.0,MONTH,190g,[],https://courses.monoprix.fr/images-v3/0c44253f-c4a3-4340-9d37-d41e42b9d14a/0f4c9922-5359-4641-8f5e-50d777314988/300x300.jpg
Produits du monde,170c0f35-a601-4269-868c-2671af4c9a36,MPX_5094784,Maison de Corée Kimchi 160g,3.79,23.69,"['Produits du monde', 'Asie 亚洲', 'Soupe, Riz et Plat cuisiné']",Maison de Corée,True,False,false,2.0,MONTH,160g,['Produit végétarien'],https://courses.monoprix.fr/images-v3/0c44253f-c4a3-4340-9d37-d41e42b9d14a/b906bf32-5318-4e5c-908f-6b29a5add52c/300x300.jpg
Produits du monde,8822030e-64e2-442d-a946-4dca85ca647d,MPX_3961577,Phare du Cap Bon Harissa tube 140g,0.95,6.79,"['Produits du monde', 'Oriental', 'Sauce, base culinaire et condiments']",Phare du cap bon,True,False,false,6.0,MONTH,140g,[],https://courses.monoprix.fr/images-v3/0c44253f-c4a3-4340-9d37-d41e42b9d14a/e83f27d3-7658-4712-bc19-80a3ca4f295c/300x300.jpg
Produits du monde,eb900161-ad50-4dc4-9590-bc58d4cbee53,MPX_1250381,Campbells Shortbreads Fingers 150G,4.29,28.6,"['Produits du monde', 'Royaume-Uni - UK', 'Biscuits, Confitures et Pâtes à tartiner']",CAMPBELLS,True,False,false,2.0,MONTH,150g,[],https://courses.monoprix.fr/images-v3/0c44253f-c4a3-4340-9d37-d41e42b9d14a/637a7d79-2cd3-44d3-88b8-2be967160caf/300x300.jpg
Produits du monde,9115b9e7-dee8-4419-aefa-c2c9f4c922d2,MPX_2278208,"Pataks Pâte de curry doux, coriandre, cumin, ail 165 g",3.79,22.29,"['Produits du monde', 'Asie 亚洲', 'Chips, Produits apéritifs et Condiments']",Pataks,True,False,false,6.0,MONTH,170g,['Produit végétarien'],https://courses.monoprix.fr/images-v3/0c44253f-c4a3-4340-9d37-d41e42b9d14a/996d7746-37b0-4806-b982-0c211b6e66e0/300x300.jpg
Produits du monde,7290e682-7633-405c-9b3d-4dca632b257b,MPX_2079701,Old El Paso Sauce apéritif Salsa Dip Douce oignons et poivrons 312g,3.59,11.51,"['Produits du monde', 'Mexique - México', 'Produits apéritifs']",Old el paso,True,False,false,6.0,MONTH,312g,[],https://courses.monoprix.fr/images-v3/0c44253f-c4a3-4340-9d37-d41e42b9d14a/146614fb-0c57-416a-aee2-fabacb211758/300x300.jpg
Produits du monde,c8cd7241-c731-4404-bdec-bfdab0d406e8,MPX_2999084,Parmigiano Reggiano Bio 165G,6.68,40.5,"['Produits du monde', 'Italie - Italia', 'Mozzarella, Parmesan, Burrata et Ricotta']",Ambrosi,True,False,false,1.0,WEEK,165,['Produit bio'],https://courses.monoprix.fr/images-v3/0c44253f-c4a3-4340-9d37-d41e42b9d14a/e9be8d7b-a2a2-4ce5-9ceb-5ae7f9c61f9e/300x300.jpg
Produits du monde,475283b3-2472-47de-b592-8bc5970662a2,MPX_2339861,Pâte Miso Enjuku 300g,8.19,27.3,"['Produits du monde', 'Asie 亚洲', 'Nouilles et Vermicelles']",HIKARI MISO,True,False,false,2.0,MONTH,300g,[],https://courses.monoprix.fr/images-v3/0c44253f-c4a3-4340-9d37-d41e42b9d14a/6ca93c1a-5a00-4511-81b6-c72ebcfc2c5a/300x300.jpg
Produits du monde,68824096-64a0-49fc-8f9f-18befa8a30b8,MPX_3887582,Florelli Gressins aux Olives Noires 300g,2.75,9.17,"['Produits du monde', 'Italie - Italia', 'Gressin, Tartinable et Condiment']",Florelli,True,False,false,2.0,MONTH,300g,[],https://courses.monoprix.fr/images-v3/0c44253f-c4a3-4340-9d37-d41e42b9d14a/04ab85e5-2139-4d0f-bc84-378a9c5dd00a/300x300.jpg
Produits du monde,143cb703-2ec6-45a5-b8b3-7c5077b7ea47,MPX_2835980,Ayam Sauce d'Huître Sans Gluten & conservateurs 210ml,3.65,17.38,"['Produits du monde', 'Asie 亚洲', 'Sauce soja, Nems et Nuoc mam']",Ayam,True,False,false,2.0,MONTH,210ml,[],https://courses.monoprix.fr/images-v3/0c44253f-c4a3-4340-9d37-d41e42b9d14a/4561140b-0a75-4d3f-ac93-d974d0504517/300x300.jpg
Produits du monde,b0802a05-79d5-4e16-bb96-de6352acded7,MPX_4109093,Reese's Mini Cups Au Chocolat 90g,3.09,34.33,"['Produits du monde', 'Etats-Unis - USA', 'Pains, Biscuits et Confiseries']",Reese's,True,False,false,1.0,MONTH,90g,[],https://courses.monoprix.fr/images-v3/0c44253f-c4a3-4340-9d37-d41e42b9d14a/a09251db-51f9-46e8-a2d8-09f888d31830/300x300.jpg
Produits du monde,b58ead33-ea4c-4b56-b2fa-7ce92e06dfee,MPX_3887612,Florelli Sauce Tomate Basilic 250g,2.39,9.56,"['Produits du monde', 'Italie - Italia', 'Sauces']",Florelli,True,False,false,2.0,MONTH,250g,[],https://courses.monoprix.fr/images-v3/0c44253f-c4a3-4340-9d37-d41e42b9d14a/29052b92-13fa-4659-9700-1d14463f9b16/300x300.jpg
Produits du monde,15e1cfa2-4e20-4afd-8ba2-5006d839ca23,MPX_3887606,Florelli Purée de tomates italiennes au basilic 700g,2.19,3.13,"['Produits du monde', 'Italie - Italia', 'Sauces']",Florelli,True,False,false,2.0,MONTH,700g,[],https://courses.monoprix.fr/images-v3/0c44253f-c4a3-4340-9d37-d41e42b9d14a/a28067e9-8c93-45cf-b04e-483906d65129/300x300.jpg
Produits du monde,8440cca7-c675-4e04-8ddc-7f930b7e9470,MPX_2305704,La Molisana Ditali N°45 500 G,2.39,4.78,"['Produits du monde', 'Italie - Italia', 'Pâtes, Riz et Risotto']",LA MOLISANA,True,False,false,1.0,YEAR,500g,[],https://courses.monoprix.fr/images-v3/0c44253f-c4a3-4340-9d37-d41e42b9d14a/cff42975-ad51-4e33-8d8a-2e9149fd9379/300x300.jpg
Produits du monde,e50d33f4-e846-4e81-9ab5-95f2fb4597c9,MPX_5135355,Crosta & Mollica Grissini Alle Olive 140g,2.59,18.5,"['Produits du monde', 'Italie - Italia', 'Gressin, Tartinable et Condiment']",Crosta & Mollica,True,False,false,1.0,MONTH,140g,[],https://courses.monoprix.fr/images-v3/0c44253f-c4a3-4340-9d37-d41e42b9d14a/090f5b37-6074-4890-95d1-9ec4367a1bd7/300x300.jpg
Produits du monde,5fc3d8a4-acb8-47d3-adb5-f8d804719833,MPX_5012526,Nongshim Ramen Coréen Goût Kimchi 100G,2.15,21.5,"['Produits du monde', 'Asie 亚洲', 'Nouilles et Vermicelles']",Nongshim,True,False,false,6.0,MONTH,100g,['Produit végétarien'],https://courses.monoprix.fr/images-v3/0c44253f-c4a3-4340-9d37-d41e42b9d14a/6583ba62-96cc-4e2e-bb5f-4938163b80c4/300x300.jpg
Produits du monde,eefd6fc0-5c87-4269-9051-286793a670f1,MPX_4041374,Patak's Sauce Korma 450g,3.99,8.87,"['Produits du monde', 'Asie 亚洲', 'Sauce soja, Nems et Nuoc mam']",Pataks,True,False,false,2.0,MONTH,450g,[],https://courses.monoprix.fr/images-v3/0c44253f-c4a3-4340-9d37-d41e42b9d14a/c774621f-6769-447d-ae92-5d75be2a6e35/300x300.jpg
Produits du monde,083b6697-e506-4959-9db6-478c7645fc7c,MPX_4961373,Nongshim Ramen Coréen Hot & Spicy 100G,2.15,21.5,"['Produits du monde', 'Asie 亚洲', 'Nouilles et Vermicelles']",Nongshim,True,False,false,6.0,MONTH,100g,['Produit végétarien'],https://courses.monoprix.fr/images-v3/0c44253f-c4a3-4340-9d37-d41e42b9d14a/3afaddef-1b3d-4585-b037-0b6f763efd3e/300x300.jpg
Produits du monde,20384132-33af-44d5-b47b-79e65a0f1560,MPX_2335443,Menthe Fraîche Bio Le Pot,2.0,2.0,"['Produits du monde', 'Oriental', 'Epices et herbes']",-,True,False,false,1.0,DAY,,['Produit bio'],https://courses.monoprix.fr/images-v3/0c44253f-c4a3-4340-9d37-d41e42b9d14a/529c94e1-ce00-49f0-a115-754cbcab8532/300x300.jpg
Produits du monde,62f74709-6dd5-4a21-9539-bf553eb97d9a,MPX_2561972,Ayam Nouilles De Riz Idéal Pad Thaï Et Phô 200G,2.19,10.95,"['Produits du monde', 'Asie 亚洲', 'Nouilles et Vermicelles']",Ayam,True,False,false,6.0,MONTH,200g,['Produit vegan'],https://courses.monoprix.fr/images-v3/0c44253f-c4a3-4340-9d37-d41e42b9d14a/43369669-f220-4e8b-99bf-4b0b70068175/300x300.jpg
Produits du monde,0eba42cf-4b99-4471-ad18-43850c096b2e,MPX_2625269,Florelli Sauce Tomate Aux Olives 250G,3.09,12.36,"['Produits du monde', 'Italie - Italia', 'Sauces']",Florelli,True,False,false,6.0,MONTH,250g,[],https://courses.monoprix.fr/images-v3/0c44253f-c4a3-4340-9d37-d41e42b9d14a/c59500be-4ab1-4217-a7e2-14cd0a99608e/300x300.jpg
Produits du monde,2d37bb85-d92d-434e-9802-e3d6843d4f24,MPX_5176316,Luana belmondo sauce tomates et basilic bio 330g,4.29,13.0,"['Produits du monde', 'Italie - Italia', 'Sauces']",Luana Belmondo,True,False,false,2.0,MONTH,330g,['Produit bio'],https://courses.monoprix.fr/images-v3/0c44253f-c4a3-4340-9d37-d41e42b9d14a/074534da-2ab8-4466-89f3-298b7cf51e26/300x300.jpg
Produits du monde,970b0fea-7e4c-4bcf-aa51-e6e93615bc7d,MPX_6674173,I Piscatura filets d'anchois à l'huile d'olive 48g,5.59,116.46,"['Produits du monde', 'Italie - Italia', 'Gressin, Tartinable et Condiment']",I Piscatura,True,False,false,6.0,MONTH,48g,[],https://courses.monoprix.fr/images-v3/0c44253f-c4a3-4340-9d37-d41e42b9d14a/7848d375-2608-4660-9678-e35bf1ba6825/300x300.jpg
Produits du monde,d5e01e98-f49c-4d87-8d6e-f47ba919f7d4,MPX_3822506,Nissin Nissin Nouilles Japonaises Poulet Gingembre Cup 63G,2.59,41.11,"['Produits du monde', 'Asie 亚洲', 'Nouilles et Vermicelles']",Nissin,True,False,false,2.0,MONTH,63g,[],https://courses.monoprix.fr/images-v3/0c44253f-c4a3-4340-9d37-d41e42b9d14a/3902e36a-7c98-41d4-a6ce-e727aef36654/300x300.jpg
Produits du monde,098354b6-778b-4224-86e2-1124404c5d69,MPX_3887628,Toscoro Condiment Balsamique blanc 50cl,4.09,8.18,"['Produits du monde', 'Italie - Italia', ""Vinaigre et Huile d'olives""]",Toscoro,True,False,false,1.0,YEAR,500ml,[],https://courses.monoprix.fr/images-v3/0c44253f-c4a3-4340-9d37-d41e42b9d14a/ffea1c45-1ac2-4451-9937-483b1f36ac5a/300x300.jpg
Produits du monde,39f0c8bf-ba81-4c63-9acd-e2acd1209f9a,MPX_2333595,Crostini biscuits salées à l'huile d'olive 100g,2.19,21.9,"['Produits du monde', 'Italie - Italia', 'Gressin, Tartinable et Condiment']",Florelli,True,False,false,2.0,MONTH,100g,[],https://courses.monoprix.fr/images-v3/0c44253f-c4a3-4340-9d37-d41e42b9d14a/41dae96e-4843-4310-b708-9d44036a7d41/300x300.jpg
Produits du monde,93c31716-8d0f-45ef-b19e-058ce7ec6a2d,MPX_6717104,Tanoshi Japon Nouilles Japonaises Ramen 400g,2.99,7.48,"['Produits du monde', 'Asie 亚洲', 'Nouilles et Vermicelles']",Tanoshi,True,False,false,1.0,MONTH,400g,[],https://courses.monoprix.fr/images-v3/0c44253f-c4a3-4340-9d37-d41e42b9d14a/560f9a14-efe7-4821-9c49-36e036fed707/300x300.jpg
Produits du monde,4d3a0fd8-a835-4a56-87fd-7a7bb2852722,MPX_6622356,Pagani Tortellini au Jambon cru 250g,2.09,8.36,"['Produits du monde', 'Italie - Italia', 'Pâtes, Riz et Risotto']",Pagani,True,False,false,2.0,MONTH,250g,[],https://courses.monoprix.fr/images-v3/0c44253f-c4a3-4340-9d37-d41e42b9d14a/fa8808cb-ae70-49be-9d23-c5a732055835/300x300.jpg
Produits du monde,a2ac5b48-5b27-4beb-9700-35ae5bd48d33,MPX_6617780,Molisana Tomates Pelées 400g,1.69,6.76,"['Produits du monde', 'Italie - Italia', 'Sauces']",LA MOLISANA,True,False,false,1.0,YEAR,250g,[],https://courses.monoprix.fr/images-v3/0c44253f-c4a3-4340-9d37-d41e42b9d14a/1c42224d-de5f-43cd-afc0-20b529668369/300x300.jpg
Produits du monde,eb95fa46-34f9-4f63-851c-0d9b2b3aba1a,MPX_1417008,Wilkin & Sons Marmelade Tiptree Orange 340G,6.19,18.21,"['Produits du monde', 'Royaume-Uni - UK', 'Biscuits, Confitures et Pâtes à tartiner']",TIPTREE,True,False,false,6.0,MONTH,340g,[],https://courses.monoprix.fr/images-v3/0c44253f-c4a3-4340-9d37-d41e42b9d14a/62f589af-31be-4ced-97a1-7108f60ef3e2/300x300.jpg
Produits du monde,92641139-4779-40f1-82f7-ff8335197cf6,MPX_4262000,Les 3 asies Plateau assortiment vapeur x8 200g,8.29,41.45,"['Produits du monde', 'Asie 亚洲', 'Chips, Produits apéritifs et Condiments']",LES TROIS D'ASIE,True,False,false,6.0,DAY,200g,[],https://courses.monoprix.fr/images-v3/0c44253f-c4a3-4340-9d37-d41e42b9d14a/fd30348f-7199-4c81-a098-bd2d72412e9d/300x300.jpg
Produits du monde,b64de151-c378-447c-9777-00e089a074a1,MPX_2078027,La Molisana Orecchiette Pugliesi N°30 500G,2.85,5.7,"['Produits du monde', 'Italie - Italia', 'Pâtes, Riz et Risotto']",LA MOLISANA,True,False,false,6.0,MONTH,500g,[],https://courses.monoprix.fr/images-v3/0c44253f-c4a3-4340-9d37-d41e42b9d14a/7c982389-658e-46ed-8869-18fca8751d63/300x300.jpg
Produits du monde,034cf390-728e-44b6-8bcc-a4e0424fbbdf,MPX_2309706,"Nissin Nouilles Classique, Avec Sauce Japonaise Yakisoba 90G",3.29,36.56,"['Produits du monde', 'Asie 亚洲', 'Nouilles et Vermicelles']",Nissin,True,False,false,2.0,MONTH,90g,[],https://courses.monoprix.fr/images-v3/0c44253f-c4a3-4340-9d37-d41e42b9d14a/0f415e2d-0ada-47b3-8daf-368f6414a496/300x300.jpg
Produits du monde,1e9c4718-3bf8-4468-8b68-5f92ca02d415,MPX_1652485,Florelli Poivrons grillés 170g,4.95,29.12,"['Produits du monde', 'Italie - Italia', 'Gressin, Tartinable et Condiment']",Florelli,True,False,false,6.0,MONTH,170g,[],https://courses.monoprix.fr/images-v3/0c44253f-c4a3-4340-9d37-d41e42b9d14a/9acae422-6bb4-40f0-a3cf-46ca5adce5ea/300x300.jpg
Produits du monde,466f3f20-518e-4985-887d-b494dd8f3ff2,MPX_4109602,Mississippi Belle Macaroni Au Fromage 206G,2.85,13.83,"['Produits du monde', 'Royaume-Uni - UK', 'Chips, Fromages, Sauces et Autres']",Mississippi Belle,True,False,false,2.0,MONTH,206g,[],https://courses.monoprix.fr/images-v3/0c44253f-c4a3-4340-9d37-d41e42b9d14a/1dc8a24d-4a61-463d-8b7f-dedf614c3f59/300x300.jpg
Produits du monde,ec629a74-9026-4e23-940b-6f06439642b7,MPX_159155,Suzi Wan Purée de Piments 100g,1.69,16.9,"['Produits du monde', 'Asie 亚洲', 'Chips, Produits apéritifs et Condiments']",SUZIWAN,True,False,false,6.0,MONTH,100g,['Produit végétarien'],https://courses.monoprix.fr/images-v3/0c44253f-c4a3-4340-9d37-d41e42b9d14a/0f401a45-56bf-43ab-8b65-fdb5921be33a/300x300.jpg
Produits du monde,c501f9df-7baf-47f2-9c60-e76d6c066ff2,MPX_3220687,Terra Di Puglia Taralli Au Piment 250G,3.19,12.76,"['Produits du monde', 'Italie - Italia', 'Gressin, Tartinable et Condiment']",Terre di Puglia,True,False,false,2.0,MONTH,250g,[],https://courses.monoprix.fr/images-v3/0c44253f-c4a3-4340-9d37-d41e42b9d14a/2bc1ca41-8e1a-4728-a41a-fda5f495a7ce/300x300.jpg
Produits du monde,7574b412-c6cc-4fff-8ebe-271dee2ed4cf,MPX_3267627,"Delverde Spaghetti N°4, Bio 500G",3.79,7.58,"['Produits du monde', 'Italie - Italia', 'Pâtes, Riz et Risotto']",Delverde,True,False,false,2.0,MONTH,500g,['Produit bio'],https://courses.monoprix.fr/images-v3/0c44253f-c4a3-4340-9d37-d41e42b9d14a/e92120db-57c0-446c-95d4-3f8187ee2366/300x300.jpg
Produits du monde,20c979ac-42f5-49cc-9d10-2ccd8e25a69f,MPX_162876,Ayam Huile de Sésame 210ml,5.15,24.52,"['Produits du monde', 'Asie 亚洲', 'Sauce soja, Nems et Nuoc mam']",Ayam,True,False,false,6.0,MONTH,210ml,[],https://courses.monoprix.fr/images-v3/0c44253f-c4a3-4340-9d37-d41e42b9d14a/b8a71606-357b-4886-bc61-6757a24ebcff/300x300.jpg
Produits du monde,c2d75fd6-9179-44d1-9cf3-bf0fad33e3e6,MPX_6665450,Dari couscous semoule blé dur moyen 500g,2.55,5.1,"['Produits du monde', 'Oriental', 'Couscous, Semoule, Pâte et Légume sec']",Dari,True,False,false,6.0,MONTH,500g,[],https://courses.monoprix.fr/images-v3/0c44253f-c4a3-4340-9d37-d41e42b9d14a/62d6151e-8ad0-480f-99df-2e8ea1023cac/300x300.jpg
Produits du monde,0dc11e21-2b50-4111-adc6-1edbbe1b856f,MPX_3887585,Florelli Gressins au Sésame 300g,2.75,9.17,"['Produits du monde', 'Italie - Italia', 'Gressin, Tartinable et Condiment']",Florelli,True,False,false,2.0,MONTH,300g,[],https://courses.monoprix.fr/images-v3/0c44253f-c4a3-4340-9d37-d41e42b9d14a/b8e94207-56fa-47fa-9720-a731947c6df3/300x300.jpg
Produits du monde,87c15102-ad0b-4ad1-8ec1-c47adf1bb5c0,MPX_2078013,"Gardapan Pain Bruschetta, 4 Parts 400G",3.75,9.38,"['Produits du monde', 'Italie - Italia', 'Biscuits, Panettone, Foccacia et Miel']",Gardapan,True,False,false,3.0,WEEK,400g,[],https://courses.monoprix.fr/images-v3/0c44253f-c4a3-4340-9d37-d41e42b9d14a/064a3e3f-703e-463f-a35b-eecfa5e5a0d9/300x300.jpg
Produits du monde,2820f22e-b2b4-474a-adba-891d28b1399c,MPX_3874877,Tanoshi Pâte Miso pour préparation soupes et plats salés 150g,4.49,29.93,"['Produits du monde', 'Japon 日本', 'Soupe et Plat cuisiné']",Tanoshi,True,False,false,1.0,MONTH,150g,[],https://courses.monoprix.fr/images-v3/0c44253f-c4a3-4340-9d37-d41e42b9d14a/12dba870-0cdf-408f-a9cb-95ca0a85d154/300x300.jpg
Produits du monde,2f176d74-1b1c-4988-bc83-fcdde1277099,MPX_2414724,"Classic Foods Popcorn Box Salé, Pour Micro-Ondes 100g",1.85,18.5,"['Produits du monde', 'Etats-Unis - USA', 'Pains, Biscuits et Confiseries']",Classic Foods of America,True,False,false,2.0,MONTH,100g,['Produit vegan'],https://courses.monoprix.fr/images-v3/0c44253f-c4a3-4340-9d37-d41e42b9d14a/bd3156ab-845e-4235-a59e-e400d59ab6b8/300x300.jpg
Produits du monde,40f73a8c-30f3-4271-8e28-70cb7a7dbc40,MPX_2598553,Old El Paso Kit Pour Crousti'Fajitas Sans Piment Extra Doux 521g,6.99,13.42,"['Produits du monde', 'Mexique - México', 'Kit Tacos, Fajitas et Burritos']",Old el Paso,True,False,false,2.0,MONTH,521g,['Produit végétarien'],https://courses.monoprix.fr/images-v3/0c44253f-c4a3-4340-9d37-d41e42b9d14a/6ff54514-1266-4f06-a91a-b76812ee62f5/300x300.jpg
Produits du monde,4a91b4d4-e800-4b17-af10-f4028aa44666,MPX_6571692,Buono pâtes fraiches aux œufs 250g,3.49,13.96,"['Produits du monde', 'Italie - Italia', 'Pâtes, Riz et Risotto']",Buono,True,False,false,1.0,WEEK,250g,[],https://courses.monoprix.fr/images-v3/0c44253f-c4a3-4340-9d37-d41e42b9d14a/6142ad80-577b-4395-b833-8f99e5dcaa4e/300x300.jpg
Produits du monde,a77c68ac-9e22-4257-b5fb-fdbb5b0203e0,MPX_6092786,Suziwan sauce soja 250ml,4.09,16.36,"['Produits du monde', 'Asie 亚洲', 'Sauce soja, Nems et Nuoc mam']",Suziwan,True,False,false,2.0,MONTH,250ml,[],https://courses.monoprix.fr/images-v3/0c44253f-c4a3-4340-9d37-d41e42b9d14a/e258ee81-30b4-44a4-b848-40ef09c5f036/300x300.jpg
Produits du monde,257897d4-2f38-468e-a6ff-c80ea74e9307,MPX_1123069,Churruca Maïs Grillé Salé 100g,1.69,16.9,"['Produits du monde', 'Espagne - España', 'Epicerie Salée et Sucrée']",CASAMAYOR,True,False,false,2.0,MONTH,100g,[],https://courses.monoprix.fr/images-v3/0c44253f-c4a3-4340-9d37-d41e42b9d14a/143af9b3-1b59-4427-b8ed-98d5b7cd765d/300x300.jpg
Produits du monde,a5265d1d-b932-46a6-b7c5-6f3b751de608,MPX_3267628,Delverde Penne Rigate Bio 500G,3.79,7.58,"['Produits du monde', 'Italie - Italia', 'Pâtes, Riz et Risotto']",Delverde,True,False,false,6.0,MONTH,500g,['Produit bio'],https://courses.monoprix.fr/images-v3/0c44253f-c4a3-4340-9d37-d41e42b9d14a/e1527237-2cf7-4ba8-923c-f0872cf6cfe8/300x300.jpg
Produits du monde,bf9d63fa-f8b0-40b7-a616-19f22bef2452,MPX_1368,Venezzio Bitter Venezzio bitter boisson gazeuse aromatisée le pack de 6x10cl,2.99,4.98,"['Produits du monde', 'Italie - Italia', 'Boissons']",Venezzio,True,False,false,6.0,MONTH,600ml,[],https://courses.monoprix.fr/images-v3/0c44253f-c4a3-4340-9d37-d41e42b9d14a/8de091a0-d9a9-412c-9e59-0ce71b5a8c14/300x300.jpg
Produits du monde,97c0a1ff-13f8-44de-970c-5e705b1f51b2,MPX_2612112,Florelli Délice D'Artichauts Pasta & Bruschetta 190G,3.49,18.37,"['Produits du monde', 'Italie - Italia', 'Gressin, Tartinable et Condiment']",Florelli,True,False,false,6.0,MONTH,190g,[],https://courses.monoprix.fr/images-v3/0c44253f-c4a3-4340-9d37-d41e42b9d14a/4ad80c73-e78a-411f-88a7-2154757d83b9/300x300.jpg
Produits du monde,519336c2-b68e-49f0-9b6d-889716d07ba4,MPX_2838350,"Mr. Min Nouilles Précuites Dans Un Bouillon De Légumes, Cuisine Coréenne 220G",3.59,16.32,"['Produits du monde', 'Asie 亚洲', 'Soupe, Riz et Plat cuisiné']",Mr.Min,True,False,false,2.0,MONTH,220g,[],https://courses.monoprix.fr/images-v3/0c44253f-c4a3-4340-9d37-d41e42b9d14a/2cd4059f-9ef1-45e0-a56d-1a6660e19fbe/300x300.jpg
Produits du monde,eddae19b-92ba-441b-ac28-110abb942eeb,MPX_6630846,Florelli olive bella di cerignola entiéres 320g,4.29,13.41,"['Produits du monde', 'Italie - Italia', 'Gressin, Tartinable et Condiment']",Florelli,True,False,false,6.0,MONTH,320g,[],https://courses.monoprix.fr/images-v3/0c44253f-c4a3-4340-9d37-d41e42b9d14a/03eb9422-940f-4b65-a321-b58d9a79411c/300x300.jpg
Produits du monde,2c390d1a-2910-4075-8ebb-7d1472e308cb,MPX_4041375,Patak's Sauce Tikka Masala 450g,3.99,8.87,"['Produits du monde', 'Asie 亚洲', 'Sauce soja, Nems et Nuoc mam']",Pataks,True,False,false,1.0,MONTH,450g,[],https://courses.monoprix.fr/images-v3/0c44253f-c4a3-4340-9d37-d41e42b9d14a/7312aa5d-6c44-4167-a18d-d09a18558c4e/300x300.jpg
Produits du monde,558fc2de-7060-4d32-9190-02015f6b36a4,MPX_2598554,Old El Paso Kit Pour Burritos Sans Piment Extra Doux 491g,6.99,14.24,"['Produits du monde', 'Mexique - México', 'Kit Tacos, Fajitas et Burritos']",Old el paso,True,False,false,2.0,MONTH,491g,['Produit vegan'],https://courses.monoprix.fr/images-v3/0c44253f-c4a3-4340-9d37-d41e42b9d14a/7513db02-9866-4193-8e8d-2c3e40304c86/300x300.jpg
Produits du monde,5da43709-8fb9-46ba-9ca3-733c6ef12150,MPX_3417240,"Hikari Miso Soupe Chili Gingembre 59,4G",4.49,76.1,"['Produits du monde', 'Asie 亚洲', 'Soupe, Riz et Plat cuisiné']",HIKARI MISO,True,False,false,2.0,MONTH,59g,[],https://courses.monoprix.fr/images-v3/0c44253f-c4a3-4340-9d37-d41e42b9d14a/c7adc754-6879-4c90-ae58-1d46c6a65b18/300x300.jpg
Produits du monde,fcd47bdd-b6ea-4f4e-bc80-6a68444c4aed,MPX_6622357,Pagani Tortellini Fromage 250g,2.09,8.36,"['Produits du monde', 'Italie - Italia', 'Pâtes, Riz et Risotto']",-,True,False,false,2.0,MONTH,250g,[],https://courses.monoprix.fr/images-v3/0c44253f-c4a3-4340-9d37-d41e42b9d14a/956dc443-0d10-4477-8061-fa452e3235fa/300x300.jpg
Produits du monde,c70840c2-2ad2-4431-b9a4-8f4efadd7173,MPX_1338059,Panealba spaccatini corti gressins au sésame 250g,3.59,14.36,"['Produits du monde', 'Italie - Italia', 'Gressin, Tartinable et Condiment']",PANEALBA,True,False,false,2.0,MONTH,250g,[],https://courses.monoprix.fr/images-v3/0c44253f-c4a3-4340-9d37-d41e42b9d14a/183f9792-4fe9-449a-b698-40297d98bade/300x300.jpg
Produits du monde,337f83a2-b642-4821-a4c8-cfabdf32cc0f,MPX_4206595,Maison De Corée goût bbq coréen 75g,2.35,31.33,"['Produits du monde', 'Asie 亚洲', 'Nouilles et Vermicelles']",Maison De Corée,True,False,false,2.0,MONTH,75g,[],https://courses.monoprix.fr/images-v3/0c44253f-c4a3-4340-9d37-d41e42b9d14a/5243bbf8-ecec-4e9a-b4c4-efad3cf7f8e2/300x300.jpg
Produits du monde,ff89c206-2da1-4113-8f51-a9aedfe6ea80,MPX_4109760,Samia Semoule de Blé Dur (Fine) 1kg,3.49,3.49,"['Produits du monde', 'Oriental', 'Epices et herbes']",Samia,True,False,false,2.0,MONTH,1kg,['Produit végétarien'],https://courses.monoprix.fr/images-v3/0c44253f-c4a3-4340-9d37-d41e42b9d14a/f3e6b2f8-3c98-4054-b9e6-09b270bf6ff2/300x300.jpg
Produits du monde,0fa55233-d14e-4266-9547-0a2e7a0589a7,MPX_3834572,Ursini Sauce Prête À La Tomate La Bouteille De 250G,4.25,17.07,"['Produits du monde', 'Italie - Italia', 'Sauces']",URSINI,True,False,false,1.0,YEAR,249g,['Produit végétarien'],https://courses.monoprix.fr/images-v3/0c44253f-c4a3-4340-9d37-d41e42b9d14a/0b00b820-230e-4708-ba57-8ca7bab11559/300x300.jpg
Produits du monde,19631380-0176-4187-9e98-a2cef3267d36,MPX_1248871,Kikkoman Sauce Teriyaki Marinade & Sauce 250ml,6.19,24.76,"['Produits du monde', 'Asie 亚洲', 'Sauce soja, Nems et Nuoc mam']",Kikkoman,True,False,false,1.0,YEAR,250ml,[],https://courses.monoprix.fr/images-v3/0c44253f-c4a3-4340-9d37-d41e42b9d14a/e274e29f-993d-4e76-aba6-48d1573a9b95/300x300.jpg
Produits du monde,a1a7c4bd-941d-4636-8d36-a981598b6799,MPX_6621890,Wai Wai nouilles instantanées saveur crevette 3x 60g,1.99,11.06,"['Produits du monde', 'Asie 亚洲', 'Nouilles et Vermicelles']",Wai Wai,True,False,false,2.0,MONTH,3 x 60g,['Produit halal'],https://courses.monoprix.fr/images-v3/0c44253f-c4a3-4340-9d37-d41e42b9d14a/2c6f5706-2567-4830-bf77-5395ec379220/300x300.jpg
Produits du monde,0de8635b-d065-49b6-95e5-eae4617672ef,MPX_6619411,Noad feuilles de riz blanc bio 150g,3.29,21.93,"['Produits du monde', 'Asie 亚洲', 'Nouilles et Vermicelles']",Noad,True,False,false,6.0,MONTH,150g,['Produit bio'],https://courses.monoprix.fr/images-v3/0c44253f-c4a3-4340-9d37-d41e42b9d14a/f2e306ff-c093-4dfc-9991-15514115b676/300x300.jpg
Produits du monde,620d1e17-9688-4005-be96-b300d255dcd8,MPX_2836558,Caresse Antillaise Banane Passion 1L,3.99,3.99,"['Produits du monde', 'Produits créoles - kré(y)ol', 'Jus et Soda']",Caresse Antillaise,True,False,false,3.0,WEEK,1L,[],https://courses.monoprix.fr/images-v3/0c44253f-c4a3-4340-9d37-d41e42b9d14a/b5c5bcb0-3c15-4df5-9908-f33ac188a99b/300x300.jpg
Produits du monde,95041e02-c2a5-452f-867b-e9bec6bbba85,MPX_2454305,"Florelli pesto à la calabrese poivrons, ricotta et oignon 190g",3.29,17.32,"['Produits du monde', 'Italie - Italia', 'Sauces']",Florelli,True,False,false,6.0,MONTH,190g,[],https://courses.monoprix.fr/images-v3/0c44253f-c4a3-4340-9d37-d41e42b9d14a/8504c26f-6d9f-45aa-b516-d4bceeb4f538/300x300.jpg
Produits du monde,41f737d0-3a4c-4764-b685-6e61ab789290,MPX_1513856,Kikkoman Sauce Yakitori Napages & Marinades 250ml,6.39,25.56,"['Produits du monde', 'Asie 亚洲', 'Sauce soja, Nems et Nuoc mam']",Kikkoman,True,False,false,6.0,MONTH,250ml,[],https://courses.monoprix.fr/images-v3/0c44253f-c4a3-4340-9d37-d41e42b9d14a/669a5029-8d2e-457c-8c1e-cb3f67df8b69/300x300.jpg
Produits du monde,455fc29e-b7a5-40a3-b8da-ade9c4a6728e,MPX_3961835,La Pastilla Feuilles de Brick 170g,1.39,8.18,"['Produits du monde', 'Oriental', 'Feuilles de brick et dürum']",La pastilla,True,False,false,1.0,MONTH,170g,[],https://courses.monoprix.fr/images-v3/0c44253f-c4a3-4340-9d37-d41e42b9d14a/7a0fe7c8-ca46-4b51-bb71-c5d2bbe3232b/300x300.jpg
Produits du monde,447a1eb5-fedd-4577-9d9b-ff93c0efb430,MPX_6571691,Buono pâtes fraiches aux œufs 250g,3.49,13.96,"['Produits du monde', 'Italie - Italia', 'Pâtes, Riz et Risotto']",Buono,True,False,false,1.0,WEEK,250g,[],https://courses.monoprix.fr/images-v3/0c44253f-c4a3-4340-9d37-d41e42b9d14a/91d929cd-4bb4-4562-9de8-243f1a014591/300x300.jpg
Produits du monde,c20dbf84-151c-4b6d-ba73-3b3b4fae4c5a,MPX_2599946,Spaccatini Ristorante gressinsTrafilati N°3 240g,4.49,18.71,"['Produits du monde', 'Italie - Italia', 'Gressin, Tartinable et Condiment']",PANEALBA,True,False,false,2.0,MONTH,240g,[],https://courses.monoprix.fr/images-v3/0c44253f-c4a3-4340-9d37-d41e42b9d14a/76a7115d-8fe4-4cb4-b0c0-2509e8f8843d/300x300.jpg
Produits du monde,8e3b08be-b281-4d91-a69b-7da5408a03cd,MPX_1652477,Florelli Mélange de légumes grillés 170g,4.95,29.12,"['Produits du monde', 'Italie - Italia', 'Gressin, Tartinable et Condiment']",Florelli,True,False,false,6.0,MONTH,170g,[],https://courses.monoprix.fr/images-v3/0c44253f-c4a3-4340-9d37-d41e42b9d14a/abadd21c-9405-4ebe-8adb-6ca3e83414e6/300x300.jpg
Produits du monde,5e08a487-586e-4fdb-9b84-7875bc85d00d,MPX_6624513,Ayam vinaigre de riz 205ml,2.55,12.44,"['Produits du monde', 'Asie 亚洲', 'Sauce soja, Nems et Nuoc mam']",Ayam,True,False,false,2.0,MONTH,205ml,[],https://courses.monoprix.fr/images-v3/0c44253f-c4a3-4340-9d37-d41e42b9d14a/d05ccad4-e240-4993-b6d1-e4045f741e50/300x300.jpg
Produits du monde,179776d8-d005-45a7-b500-74f68f16c1e7,MPX_4108918,Tanoshi Tofu Soyeux 300G,4.59,15.3,"['Produits du monde', 'Asie 亚洲', 'Chips, Produits apéritifs et Condiments']",Tanoshi,True,False,false,1.0,MONTH,300g,[],https://courses.monoprix.fr/images-v3/0c44253f-c4a3-4340-9d37-d41e42b9d14a/d859544e-bc55-4569-831a-3a30505852e1/300x300.jpg
Produits du monde,8bb0d2bb-b3c0-4b37-bcb8-fbc0e4053e35,MPX_3953853,Rummo Sauce bolognaise végétale 340g,4.49,13.21,"['Produits du monde', 'Italie - Italia', 'Sauces']",RUMMO,True,False,false,1.0,YEAR,340g,[],https://courses.monoprix.fr/images-v3/0c44253f-c4a3-4340-9d37-d41e42b9d14a/f37f1d09-8db2-4dfd-acc1-3f6f803bdb3e/300x300.jpg
Produits du monde,34e6b43e-629a-4909-9a79-624025201f52,MPX_3046775,Tanoshi Japon Ramen Assaisonnement Poulet Teriyaki 360G,4.29,11.92,"['Produits du monde', 'Asie 亚洲', 'Nouilles et Vermicelles']",Tanoshi,True,False,false,2.0,MONTH,360g,[],https://courses.monoprix.fr/images-v3/0c44253f-c4a3-4340-9d37-d41e42b9d14a/a3a596da-8fed-4822-a627-5fc05726ba3b/300x300.jpg
Produits du monde,c3abdadf-bbc9-432b-9e96-34327535a690,MPX_11923,Vahiné Arôme fleur d'oranger 200ml,2.35,11.75,"['Produits du monde', 'Oriental', 'Confiserie, Aide à la Pâtisserie et Préparation']",Vahiné,True,False,false,6.0,MONTH,200ml,[],https://courses.monoprix.fr/images-v3/0c44253f-c4a3-4340-9d37-d41e42b9d14a/0d113467-5ef9-4bca-9418-b0d6a380979a/300x300.jpg
Produits du monde,73450fab-17d4-4515-b365-39305f3e3c9e,MPX_6568525,Tanoshi vermicelles de riz 250g,2.75,11.0,"['Produits du monde', 'Asie 亚洲', 'Nouilles et Vermicelles']",Tanoshi,True,False,false,1.0,MONTH,250g,['Produit végétarien'],https://courses.monoprix.fr/images-v3/0c44253f-c4a3-4340-9d37-d41e42b9d14a/0aa33202-bd81-4ec5-806d-b75a07e0b6c6/300x300.jpg
Produits du monde,f9b93ef6-0947-40cc-8c6a-97f899f82088,MPX_5384747,Tanoshi Ramen Nature Bio 340g,3.99,11.74,"['Produits du monde', 'Asie 亚洲', 'Nouilles et Vermicelles']",Tanoshi,True,False,false,1.0,MONTH,340g,['Produit bio'],https://courses.monoprix.fr/images-v3/0c44253f-c4a3-4340-9d37-d41e42b9d14a/bd24e664-2e0a-4257-ab13-40c25bd36bc2/300x300.jpg
Produits du monde,ad7c7b7f-cb89-4191-9120-cfc48faf7bf5,MPX_2428277,Poco Loco 8 Tortillas Original 320g,2.95,9.22,"['Produits du monde', 'Mexique - México', 'Tortilla et Wrap']",Poco Loco,True,False,false,1.0,MONTH,320g,"['Produit végétarien', 'Produit vegan']",https://courses.monoprix.fr/images-v3/0c44253f-c4a3-4340-9d37-d41e42b9d14a/9941a1a1-96e2-45d0-b2d8-4a61d443dfa3/300x300.jpg
Produits du monde,8e4e0d7a-c7e5-4628-a53e-4e35f90a6f46,MPX_3953852,Rummo Sauce Arrabbiata Tomate au Piment Pot 340g,2.99,8.79,"['Produits du monde', 'Italie - Italia', 'Sauces']",RUMMO,True,False,false,6.0,MONTH,340g,[],https://courses.monoprix.fr/images-v3/0c44253f-c4a3-4340-9d37-d41e42b9d14a/b431be15-ca5b-4ada-9493-9d1feaf4a36d/300x300.jpg
Produits du monde,09afde40-ad53-4998-9522-0811ee35a3a6,MPX_6720225,Poco Loco Bakery Wraps Natural 4x25cm,1.99,8.12,"['Produits du monde', 'Mexique - México', 'Tortilla et Wrap']",Poco Loco,True,False,false,2.0,MONTH,245g,[],https://courses.monoprix.fr/images-v3/0c44253f-c4a3-4340-9d37-d41e42b9d14a/38b1b843-6dfc-4b66-8ea0-136366dfe8a2/300x300.jpg
Produits du monde,7b914ec5-887d-490c-a9ed-b33ed0e70943,MPX_2119773,Tanoshi Mix Sesame 60G,3.49,58.17,"['Produits du monde', 'Asie 亚洲', 'Chips, Produits apéritifs et Condiments']",Tanoshi,True,False,false,2.0,MONTH,60g,[],https://courses.monoprix.fr/images-v3/0c44253f-c4a3-4340-9d37-d41e42b9d14a/88e4fdae-b6c0-48bf-8d8e-02622467124f/300x300.jpg
Produits du monde,8b3f5b6f-c47d-4687-8f05-db5efeba8a99,MPX_1119096,Monoprix mozzarella le sachet de 125g,0.89,7.12,"['Produits du monde', 'Italie - Italia', 'Mozzarella, Parmesan, Burrata et Ricotta']",Monoprix,True,False,false,1.0,WEEK,125g,[],https://courses.monoprix.fr/images-v3/0c44253f-c4a3-4340-9d37-d41e42b9d14a/cbb48813-1fe1-4f35-9f39-71af31292bc2/300x300.jpg
Produits du monde,cfc4003a-a83f-4678-8353-6817d41e1dab,MPX_1847525,Kara Lait De Coco Fluide 200ml,1.65,8.25,"['Produits du monde', 'Asie 亚洲', 'Lait et Crème de coco']",Kara,True,False,false,1.0,MONTH,200ml,"['Produit halal', 'Produit casher']",https://courses.monoprix.fr/images-v3/0c44253f-c4a3-4340-9d37-d41e42b9d14a/b23b4fe0-edc0-4b64-9b24-0206063a7320/300x300.jpg
Produits du monde,1551a49f-37b9-4148-b56f-cf138623e319,MPX_2339292,Rummo Pâte Fusilli n°48 500g,2.49,4.98,"['Produits du monde', 'Italie - Italia', 'Pâtes, Riz et Risotto']",Rummo,True,False,false,1.0,YEAR,500g,[],https://courses.monoprix.fr/images-v3/0c44253f-c4a3-4340-9d37-d41e42b9d14a/53655bea-828b-49cd-a509-8af45accb369/300x300.jpg
Produits du monde,cfc01aaf-91a3-4cf6-b19f-ab49fd9719c8,MPX_2339285,Rummo Pâte Linguine n°13 - 500g,2.49,4.98,"['Produits du monde', 'Italie - Italia', 'Pâtes, Riz et Risotto']",Rummo,True,False,false,1.0,YEAR,500g,[],https://courses.monoprix.fr/images-v3/0c44253f-c4a3-4340-9d37-d41e42b9d14a/94f0cfa8-addc-44b5-a974-bf0f962bbffa/300x300.jpg
Produits du monde,af11d3ca-df26-4c57-a19c-c7d8ec842d7a,MPX_3500277,Rummo Gnocchi Di Patate 500g,3.29,6.58,"['Produits du monde', 'Italie - Italia', 'Pâtes, Riz et Risotto']",Rummo,True,False,false,6.0,MONTH,500g,[],https://courses.monoprix.fr/images-v3/0c44253f-c4a3-4340-9d37-d41e42b9d14a/f6427f95-d6d2-4ed1-ae23-7824add14adc/300x300.jpg
Produits du monde,e5af62e1-d95f-4338-911b-eb8bbe0c90b5,MPX_732652,Monoprix Bio mozzarella au lait de vache bio 125g,1.79,14.32,"['Produits du monde', 'Italie - Italia', 'Mozzarella, Parmesan, Burrata et Ricotta']",Monoprix Bio,True,False,false,1.0,WEEK,125g,['Produit bio'],https://courses.monoprix.fr/images-v3/0c44253f-c4a3-4340-9d37-d41e42b9d14a/9ab982eb-4d5a-4309-be67-3cbf1f74947b/300x300.jpg
Produits du monde,9f86c3ea-ea3a-4ff3-ae76-586700356389,MPX_2936607,Rummo Pâtes Mezzi Rigaroni n°51 500g,2.49,4.98,"['Produits du monde', 'Italie - Italia', 'Pâtes, Riz et Risotto']",Rummo,True,False,false,1.0,YEAR,500g,[],https://courses.monoprix.fr/images-v3/0c44253f-c4a3-4340-9d37-d41e42b9d14a/8e84ae23-7356-4a5c-8d24-170f7fea39d5/300x300.jpg
Produits du monde,26496778-7dba-4634-9999-38aed130d3a1,MPX_2588012,Monoprix Bio Parmigiano Reggiano râpé bio AOP 50g,2.15,43.0,"['Produits du monde', 'Italie - Italia', 'Mozzarella, Parmesan, Burrata et Ricotta']",Monoprix Bio,True,False,false,2.0,WEEK,50g,['Produit bio'],https://courses.monoprix.fr/images-v3/0c44253f-c4a3-4340-9d37-d41e42b9d14a/17a313aa-84fe-403d-819e-58fa34ae5fc8/300x300.jpg
Produits du monde,87435629-4dba-4891-86ee-8f54eeebfbb2,MPX_2045982,Monoprix Pecorino Romano râpé AOP 50g,1.49,29.8,"['Produits du monde', 'Italie - Italia', 'Mozzarella, Parmesan, Burrata et Ricotta']",Monoprix,True,False,false,2.0,WEEK,50g,[],https://courses.monoprix.fr/images-v3/0c44253f-c4a3-4340-9d37-d41e42b9d14a/6422eb2a-f2b0-4e8d-bd44-61d8de1ab1b6/300x300.jpg
Produits du monde,77089459-9031-4254-94f0-bf206e201088,MPX_2875977,Monoprix Lait de coco 200ml,0.95,4.75,"['Produits du monde', 'Asie 亚洲', 'Lait et Crème de coco']",Monoprix,True,False,false,1.0,MONTH,200ml,[],https://courses.monoprix.fr/images-v3/0c44253f-c4a3-4340-9d37-d41e42b9d14a/7b80aa29-6b9e-4ffc-8c21-72384135daff/300x300.jpg
Produits du monde,8a38e010-7a59-4e73-8da7-7097bac6dc30,MPX_888688,Citterio Taglio Fresco Jambon Cuit Grancotto Di Vignola 150G,5.15,34.33,"['Produits du monde', 'Italie - Italia', 'Mortadelle, Saucisson et Jambon cru']",CITTERIO FRANCE,True,False,false,1.0,WEEK,150g,[],https://courses.monoprix.fr/images-v3/0c44253f-c4a3-4340-9d37-d41e42b9d14a/84d01aac-6c88-46ee-9e05-a3b0bbab6d8c/300x300.jpg
Produits du monde,b5802fc6-e06b-40f9-ae71-a83bd785c98d,MPX_2810365,Riccadonna Prosecco 75Cl,7.5,10.0,"['Produits du monde', 'Italie - Italia', 'Boissons']",Riccadonna,True,False,false,,,750ml,[],https://courses.monoprix.fr/images-v3/0c44253f-c4a3-4340-9d37-d41e42b9d14a/45bcfcac-8905-4d21-bfa6-fb0827cd03fe/300x300.jpg
Produits du monde,970ccc3a-90b0-49fe-90d4-c9dfe6f261b1,MPX_1490432,Old El Paso Wraps De Blé Nature Extra Moelleux 350g,3.19,9.11,"['Produits du monde', 'Mexique - México', 'Tortilla et Wrap']",Old el paso,True,False,false,2.0,MONTH,350g,['Produit vegan'],https://courses.monoprix.fr/images-v3/0c44253f-c4a3-4340-9d37-d41e42b9d14a/0243023c-d58d-4ae6-8833-e11fa7100e97/300x300.jpg
Produits du monde,171c869c-a964-48a0-9a15-0ff665eea29b,MPX_3209670,Monoprix Bio Houmous à l'huile d'olive vierge extra bio 180g,3.79,21.06,"['Produits du monde', 'Oriental', 'Sauce, base culinaire et condiments']",Monoprix Bio,True,False,false,1.0,WEEK,180g,['Produit bio'],https://courses.monoprix.fr/images-v3/0c44253f-c4a3-4340-9d37-d41e42b9d14a/83b6b4b8-05d7-48ec-875a-a602480975fb/300x300.jpg
Produits du monde,9ae45554-9981-4ba7-a60c-9d73b9843767,MPX_2520541,Rummo Pâtes Farfalle N°85 500g,2.49,4.98,"['Produits du monde', 'Italie - Italia', 'Pâtes, Riz et Risotto']",Rummo,True,False,false,1.0,YEAR,500g,[],https://courses.monoprix.fr/images-v3/0c44253f-c4a3-4340-9d37-d41e42b9d14a/287f0c7f-e9b8-4ebe-b8b9-d90907cfb0bd/300x300.jpg
Produits du monde,bbbdf4e5-d00d-4567-b8a0-2521cb3f500c,MPX_3267631,Villani Chiffonnade De Jambon Cru Pastorello. 12 Mois. Sans Conservateur,4.25,53.13,"['Produits du monde', 'Italie - Italia', 'Mortadelle, Saucisson et Jambon cru']",VILLANI,True,False,false,2.0,WEEK,80g,[],https://courses.monoprix.fr/images-v3/0c44253f-c4a3-4340-9d37-d41e42b9d14a/052f09ba-51a3-453d-8430-208193ba8112/300x300.jpg
Produits du monde,bc326f53-f5a6-4828-ba25-da085812e3e5,MPX_2414223,Rummo Penne Rigate n°66 500g,2.49,4.98,"['Produits du monde', 'Italie - Italia', 'Pâtes, Riz et Risotto']",Rummo,True,False,false,1.0,YEAR,500g,[],https://courses.monoprix.fr/images-v3/0c44253f-c4a3-4340-9d37-d41e42b9d14a/ca5052b6-fa62-4161-abc5-806ed7d4f56f/300x300.jpg
Produits du monde,0902ed5e-a9de-40a9-aa73-5497880e98a6,MPX_3789033,Kara Lait De Coco Bio 200Ml,1.89,9.45,"['Produits du monde', 'Asie 亚洲', 'Lait et Crème de coco']",Kara,True,False,false,1.0,MONTH,200ml,['Produit bio'],https://courses.monoprix.fr/images-v3/0c44253f-c4a3-4340-9d37-d41e42b9d14a/6bbdae5d-40d9-41f8-a6fa-dcedd2ca14e6/300x300.jpg
Produits du monde,caabb923-d17d-4ae2-9579-b79b19114bc2,MPX_888690,Citterio Mortadelle de Bologne IGP 150g,3.59,23.93,"['Produits du monde', 'Italie - Italia', 'Mortadelle, Saucisson et Jambon cru']",CITTERIO FRANCE,True,False,false,2.0,WEEK,150g,[],https://courses.monoprix.fr/images-v3/0c44253f-c4a3-4340-9d37-d41e42b9d14a/e24800b2-32ee-4485-ab20-d6310e303d53/300x300.jpg
Produits du monde,a255c8e0-d8e1-4fe0-92c9-3fb11291f29a,MPX_1118925,Old El Paso 8 tortillas Extra Moelleuses au Blé Nature 326g,3.19,9.79,"['Produits du monde', 'Mexique - México', 'Tortilla et Wrap']",Old el paso,True,False,false,2.0,MONTH,326g,[],https://courses.monoprix.fr/images-v3/0c44253f-c4a3-4340-9d37-d41e42b9d14a/0595a940-5eb2-4672-afe4-8a7b525f7c3a/300x300.jpg
Produits du monde,17e472e5-f92b-41ac-b069-ab00c14a3f4e,MPX_2339284,Rummo Spaghetti n°3 500g,2.49,4.98,"['Produits du monde', 'Italie - Italia', 'Pâtes, Riz et Risotto']",Rummo,True,False,false,1.0,YEAR,500g,[],https://courses.monoprix.fr/images-v3/0c44253f-c4a3-4340-9d37-d41e42b9d14a/b3c3e341-eb77-4edc-9708-47a05cf4ba4a/300x300.jpg
Produits du monde,5a44adff-1f4e-4f3a-a098-c1d260de7560,MPX_2023134,Monoprix Ricotta 250g,1.39,5.56,"['Produits du monde', 'Italie - Italia', 'Mozzarella, Parmesan, Burrata et Ricotta']",Monoprix,True,False,false,1.0,WEEK,250g,[],https://courses.monoprix.fr/images-v3/0c44253f-c4a3-4340-9d37-d41e42b9d14a/ec700a74-d1fd-4494-acf7-645b39fc96bc/300x300.jpg
Produits du monde,a7487161-4ab7-4cca-9d4f-73559f6aa09d,MPX_1455028,Monoprix Houmous 175g,1.99,11.37,"['Produits du monde', 'Oriental', 'Sauce, base culinaire et condiments']",Monoprix,True,False,false,1.0,WEEK,175g,[],https://courses.monoprix.fr/images-v3/0c44253f-c4a3-4340-9d37-d41e42b9d14a/5244dfff-0a0f-45c1-9c99-76f92f67589f/300x300.jpg
Produits du monde,0a9d3e4d-0a0e-41b4-a278-c90ca54e907f,MPX_3563226,Monoprix 8 gyoza aux légumes 220g,4.79,21.77,"['Produits du monde', 'Japon 日本', 'Soupe et Plat cuisiné']",Monoprix,True,False,false,6.0,MONTH,220g,['Produit congelé'],https://courses.monoprix.fr/images-v3/0c44253f-c4a3-4340-9d37-d41e42b9d14a/b63880e7-38f6-435f-8bd1-756fddbec9ee/300x300.jpg
Produits du monde,b6dcc3fe-4256-4f37-80cb-f7a30c377d55,MPX_1255727,Citterio Salami De Milan Taglio Fresco 70G,2.65,37.86,"['Produits du monde', 'Italie - Italia', 'Mortadelle, Saucisson et Jambon cru']",CITTERIO FRANCE,True,False,false,2.0,WEEK,70g,[],https://courses.monoprix.fr/images-v3/0c44253f-c4a3-4340-9d37-d41e42b9d14a/403a2b49-8038-41dc-90df-afae92d94562/300x300.jpg
Produits du monde,3272f393-8eec-4540-99ea-d6beec0f9af3,MPX_2307207,Coriandre barquette 20g,1.69,1.69,"['Produits du monde', 'Oriental', 'Epices et herbes']",JDM,True,False,false,2.0,DAY,,"['Produit végétarien', 'Produit vegan']",https://courses.monoprix.fr/images-v3/0c44253f-c4a3-4340-9d37-d41e42b9d14a/76bb5a8a-0d5c-4e5e-a53a-87c5bcd5482e/300x300.jpg
Produits du monde,01208cca-9d00-4efc-a15c-a95b61991d00,MPX_1118932,Old El Paso Mélange aux Epices pour Guacamole 20g,1.59,79.5,"['Produits du monde', 'Mexique - México', 'Sauces et Accompagnements']",Old el Paso,True,False,false,2.0,MONTH,20g,[],https://courses.monoprix.fr/images-v3/0c44253f-c4a3-4340-9d37-d41e42b9d14a/36d007fb-4615-471a-bf9f-3278b50383e6/300x300.jpg
Produits du monde,21668a39-1d99-4666-8303-655f7c86f62d,MPX_3033163,Monoprix Gourmet Parmigiano Reggiano 200g,6.54,31.9,"['Produits du monde', 'Italie - Italia', 'Mozzarella, Parmesan, Burrata et Ricotta']",Monoprix Gourmet,True,False,false,1.0,WEEK,205,[],https://courses.monoprix.fr/images-v3/0c44253f-c4a3-4340-9d37-d41e42b9d14a/d7150a9a-fce4-45c4-823d-79c75ee2f4a0/300x300.jpg
Produits du monde,9d7e597b-d27e-4564-98f4-4351386f52b1,MPX_3033162,Monoprix Gourmet Di Bufala Campana 125G,2.49,19.92,"['Produits du monde', 'Italie - Italia', 'Mozzarella, Parmesan, Burrata et Ricotta']",Monoprix Gourmet,True,False,false,1.0,WEEK,125g,[],https://courses.monoprix.fr/images-v3/0c44253f-c4a3-4340-9d37-d41e42b9d14a/a62cf732-02fb-40ea-8a17-8ead3fedbac8/300x300.jpg
Produits du monde,056ff394-cd89-4104-9a26-7040d7814306,MPX_2949582,Wyke farms tranche de cheddar mature x8 tranches 160g,3.29,20.56,"['Produits du monde', 'Royaume-Uni - UK', 'Chips, Fromages, Sauces et Autres']",Wyke Farms,True,False,false,2.0,WEEK,160g,[],https://courses.monoprix.fr/images-v3/0c44253f-c4a3-4340-9d37-d41e42b9d14a/5fa5f54f-eafe-4234-875a-06cc4807f061/300x300.jpg
Produits du monde,b72c042d-b1dc-407e-96e1-cf9853d8c35b,MPX_2612107,Florelli Gressins Torinesi Classique Sans Huile de Palme 125g,2.19,17.52,"['Produits du monde', 'Italie - Italia', 'Gressin, Tartinable et Condiment']",Florelli,True,False,false,2.0,MONTH,125g,[],https://courses.monoprix.fr/images-v3/0c44253f-c4a3-4340-9d37-d41e42b9d14a/bd824ef6-6561-4f7e-99fc-188c1afc7db4/300x300.jpg
Produits du monde,5a219be7-4cad-4cef-b6f0-152d876f7af9,MPX_2653581,Rummo Fusilli N°48 Sans Gluten 400g,3.29,8.23,"['Produits du monde', 'Italie - Italia', 'Pâtes, Riz et Risotto']",Rummo,True,False,false,6.0,MONTH,400g,[],https://courses.monoprix.fr/images-v3/0c44253f-c4a3-4340-9d37-d41e42b9d14a/1315434e-bfcb-45ff-ba96-8bdfa8f75db6/300x300.jpg
Produits du monde,fe20666b-c7f9-4247-a268-59e6fed553dc,MPX_1243949,Monoprix Gourmet Parmigiano Reggiano env. 170/180g,6.36,34.39,"['Produits du monde', 'Italie - Italia', 'Mozzarella, Parmesan, Burrata et Ricotta']",Monoprix Gourmet,True,False,false,4.0,WEEK,185,[],https://courses.monoprix.fr/images-v3/0c44253f-c4a3-4340-9d37-d41e42b9d14a/5fec6d4a-12fd-4482-be70-fe0a009f40f1/300x300.jpg
Produits du monde,31ae7171-d9b2-4c32-922a-9d2dfc5e5559,MPX_1800501,Old El Paso Wraps De Blé Complet 350g,3.49,9.97,"['Produits du monde', 'Mexique - México', 'Tortilla et Wrap']",Old el paso,True,False,false,2.0,MONTH,350g,['Produit vegan'],https://courses.monoprix.fr/images-v3/0c44253f-c4a3-4340-9d37-d41e42b9d14a/03ffe9f1-20b6-4d1f-aa7e-bde5b62379b8/300x300.jpg
Produits du monde,6f32a9b7-7860-48a6-ac88-ca33403bd6c2,MPX_3044287,Regent's Park muffins pur beurre x4 250g,3.59,14.36,"['Produits du monde', 'Royaume-Uni - UK', 'Biscuits, Confitures et Pâtes à tartiner']",REGENT'S PARK,True,False,false,1.0,WEEK,250g,[],https://courses.monoprix.fr/images-v3/0c44253f-c4a3-4340-9d37-d41e42b9d14a/366a29d3-6fb1-40a5-855d-6321144033c2/300x300.jpg
Produits du monde,957a5cc7-828d-4ff8-aaac-330d68aaf5d7,MPX_2876038,Suzi Wan Lait de Coco 200ml,1.99,9.95,"['Produits du monde', 'Asie 亚洲', 'Lait et Crème de coco']",Suziwan,True,False,false,2.0,MONTH,200ml,[],https://courses.monoprix.fr/images-v3/0c44253f-c4a3-4340-9d37-d41e42b9d14a/29204285-aa22-4fe8-9641-1883c82b9855/300x300.jpg
Produits du monde,e409ac60-0cca-4e0b-a72d-023ae6b25aa5,MPX_1821006,Monoprix Mascarpone 250g,1.79,7.16,"['Produits du monde', 'Italie - Italia', 'Mozzarella, Parmesan, Burrata et Ricotta']",Monoprix,True,False,false,2.0,WEEK,250g,[],https://courses.monoprix.fr/images-v3/0c44253f-c4a3-4340-9d37-d41e42b9d14a/7b2bedd4-832e-42ae-b5a3-40729632f823/300x300.jpg
Produits du monde,ec764743-4cdc-423e-8860-127acb734af9,MPX_1468312,Kara Crème De Coco Onctueuse 200ml,2.15,10.75,"['Produits du monde', 'Asie 亚洲', 'Lait et Crème de coco']",Kara,True,False,false,1.0,MONTH,200ml,[],https://courses.monoprix.fr/images-v3/0c44253f-c4a3-4340-9d37-d41e42b9d14a/cea75ad6-2e37-43e8-88db-92875bf0e91f/300x300.jpg
Produits du monde,65c16605-d786-4c48-bc01-75a3357bb25c,MPX_3292069,Kara lait de coco light 20cl,1.75,8.75,"['Produits du monde', 'Asie 亚洲', 'Lait et Crème de coco']",Kara,True,False,false,1.0,MONTH,200ml,[],https://courses.monoprix.fr/images-v3/0c44253f-c4a3-4340-9d37-d41e42b9d14a/fda30e7e-8982-4342-8b48-f1da0341f21a/300x300.jpg
Produits du monde,d3e9403c-7a59-4eab-924e-3f27bf60d7d5,MPX_162865,"Mamee Nouilles instantanées, saveur poulet 85 g",0.85,10.0,"['Produits du monde', 'Asie 亚洲', 'Nouilles et Vermicelles']",Mamee,True,False,false,6.0,MONTH,85g,['Produit halal'],https://courses.monoprix.fr/images-v3/0c44253f-c4a3-4340-9d37-d41e42b9d14a/1fe18313-8530-46db-a20c-481435794644/300x300.jpg
Produits du monde,be3c6600-b5ac-4114-b0b7-07f602e4a57e,MPX_1863643,Old El Paso Kit Pour Fajitas Saveur Original Barbecue 500g,6.49,12.98,"['Produits du monde', 'Mexique - México', 'Kit Tacos, Fajitas et Burritos']",OLD EL PASO,True,False,false,2.0,MONTH,500g,['Produit vegan'],https://courses.monoprix.fr/images-v3/0c44253f-c4a3-4340-9d37-d41e42b9d14a/23bae0eb-f60a-4ca2-965f-522aa07a5920/300x300.jpg
Produits du monde,1bea64b6-cd69-49f0-98af-9c54a212ed9b,MPX_3550874,Monoprix Bio Haricots Rouges Bio 250g,2.55,10.2,"['Produits du monde', 'Mexique - México', 'Sauces et Accompagnements']",Monoprix Bio,True,False,false,1.0,YEAR,250g,['Produit bio'],https://courses.monoprix.fr/images-v3/0c44253f-c4a3-4340-9d37-d41e42b9d14a/f1a3f495-b854-45ab-ae02-7293fff8fa84/300x300.jpg
Produits du monde,49691216-b9c4-4be5-bf72-c7fda245f275,MPX_2764165,Villani Chiffonnade De Spianata Piquante,3.85,48.13,"['Produits du monde', 'Italie - Italia', 'Mortadelle, Saucisson et Jambon cru']",VILLANI,True,False,false,2.0,WEEK,80g,[],https://courses.monoprix.fr/images-v3/0c44253f-c4a3-4340-9d37-d41e42b9d14a/f5047f42-3a34-4dc0-8786-4303b30d4830/300x300.jpg
Produits du monde,e99b14b0-fdc2-4e9f-aa61-c34537d400e1,MPX_1250042,Monoprix Nouilles Recette Asiatique aux Oeufs 250g,1.39,5.56,"['Produits du monde', 'Asie 亚洲', 'Nouilles et Vermicelles']",Monoprix,True,False,false,6.0,MONTH,250g,[],https://courses.monoprix.fr/images-v3/0c44253f-c4a3-4340-9d37-d41e42b9d14a/20d8d24b-a5cb-4c04-bd7c-9b70d14a7322/300x300.jpg
Produits du monde,46214f7f-a0c7-40b3-a4c9-4df7cdd817fd,MPX_3174928,Monoprix Bio Guacamole doux bio 180 g,4.99,27.72,"['Produits du monde', 'Mexique - México', 'Produits apéritifs']",Monoprix Bio,True,False,false,1.0,WEEK,180g,['Produit bio'],https://courses.monoprix.fr/images-v3/0c44253f-c4a3-4340-9d37-d41e42b9d14a/84ad074e-f0d1-442a-8d0b-6eb35932078a/300x300.jpg
Produits du monde,9ee9f4ec-5b88-4a99-a625-bd89c11e9cb1,MPX_888691,Citterio Jambon Cru Il Prosciutto Crudo 120G,4.79,39.92,"['Produits du monde', 'Italie - Italia', 'Mortadelle, Saucisson et Jambon cru']",CITTERIO FRANCE,True,False,false,2.0,WEEK,120g,[],https://courses.monoprix.fr/images-v3/0c44253f-c4a3-4340-9d37-d41e42b9d14a/009a4e29-5672-4c10-bf9d-2adc28ea5951/300x300.jpg
Produits du monde,4d1cdd6e-1db3-42ae-8303-e49f4c2a8a46,MPX_1682855,Kara Lait de Coco Fluide 500ml,3.45,6.9,"['Produits du monde', 'Asie 亚洲', 'Lait et Crème de coco']",Kara,True,False,false,1.0,MONTH,500ml,[],https://courses.monoprix.fr/images-v3/0c44253f-c4a3-4340-9d37-d41e42b9d14a/0a9bbf90-d43d-4493-be73-970f277eb4ab/300x300.jpg
Produits du monde,f6eb898b-4a17-4f97-bc25-e417194f100b,MPX_1250591,Heinz Haricots blancs à la sauce tomate 415g,2.39,5.76,"['Produits du monde', 'Etats-Unis - USA', 'Viandes séchées, Conserves et Sauces']",Heinz,True,False,false,2.0,MONTH,415g,[],https://courses.monoprix.fr/images-v3/0c44253f-c4a3-4340-9d37-d41e42b9d14a/c2655346-1de8-488b-85fa-74f88e652940/300x300.jpg
Produits du monde,f4b017e4-2d33-450f-98a9-6d1d376436aa,MPX_3033160,Monoprix Gourmet Burrata di Bufala 125g,3.25,26.0,"['Produits du monde', 'Italie - Italia', 'Mozzarella, Parmesan, Burrata et Ricotta']",Monoprix Gourmet,True,False,false,4.0,DAY,125g,[],https://courses.monoprix.fr/images-v3/0c44253f-c4a3-4340-9d37-d41e42b9d14a/454738dd-f4bc-4825-becf-c7d86341329e/300x300.jpg
Produits du monde,5c914577-2e46-46c9-8a8a-ed9b9972be60,MPX_3266502,REGENT'S PARK 4 petits scones anglais 240g,4.69,19.54,"['Produits du monde', 'Royaume-Uni - UK', 'Biscuits, Confitures et Pâtes à tartiner']",Regent's park,True,False,false,1.0,WEEK,240g,[],https://courses.monoprix.fr/images-v3/0c44253f-c4a3-4340-9d37-d41e42b9d14a/8c828c24-241a-4cbf-b293-9aa3874655a4/300x300.jpg
Produits du monde,67bd1126-4fa1-4187-ba6e-eed07b012639,MPX_3268679,Old El Paso Tortillas Extra Moelleuses Original Sans Gluten 216g,3.49,16.16,"['Produits du monde', 'Mexique - México', 'Tortilla et Wrap']",Old el Paso,True,False,false,2.0,MONTH,216g,['Produit vegan'],https://courses.monoprix.fr/images-v3/0c44253f-c4a3-4340-9d37-d41e42b9d14a/54d3def4-56db-424a-960c-9fed8155dcff/300x300.jpg
Produits du monde,f20bd186-871e-4c35-9115-79c2050d36a7,MPX_2520542,Rummo Pâtes N°155 Fusilotti 500g,2.99,5.98,"['Produits du monde', 'Italie - Italia', 'Pâtes, Riz et Risotto']",RUMMO,True,False,false,1.0,YEAR,500g,[],https://courses.monoprix.fr/images-v3/0c44253f-c4a3-4340-9d37-d41e42b9d14a/45d0be49-a775-438d-b770-4dbb3b21a937/300x300.jpg
Produits du monde,5ee1eec6-6c67-48d7-8f1c-0657d006cc93,MPX_162866,"Mamee Nouilles instantanées, saveur boeuf 85 g",0.79,9.29,"['Produits du monde', 'Asie 亚洲', 'Nouilles et Vermicelles']",Mamee,True,False,false,2.0,MONTH,85g,[],https://courses.monoprix.fr/images-v3/0c44253f-c4a3-4340-9d37-d41e42b9d14a/a886441f-3977-4e2d-8f5b-b1ac3269c750/300x300.jpg
Produits du monde,32f87102-c0fa-4cf4-bbc1-706130f0743e,MPX_3254328,Tabasco Sauce Epicée Rouge 60ml,3.35,55.83,"['Produits du monde', 'Mexique - México', 'Sauces et Accompagnements']",Tabasco,True,False,false,2.0,MONTH,60ml,[],https://courses.monoprix.fr/images-v3/0c44253f-c4a3-4340-9d37-d41e42b9d14a/59accc21-bc9a-4551-8793-077fb6f3316f/300x300.jpg
Produits du monde,ba12a8b9-4797-4ae6-94a6-0c03b49e9b5f,MPX_1908689,Monoprix Gourmet Gorgonzola AOP 205g,3.59,17.5,"['Produits du monde', 'Italie - Italia', 'Mozzarella, Parmesan, Burrata et Ricotta']",Monoprix,True,False,false,1.0,WEEK,205,[],https://courses.monoprix.fr/images-v3/0c44253f-c4a3-4340-9d37-d41e42b9d14a/54b36a25-c867-40a2-b91f-b895b35d2c75/300x300.jpg
Produits du monde,f4563e07-e7a6-4405-af91-a703574ba4f9,MPX_1652410,Florelli grissini traditionnel 300g,2.75,9.17,"['Produits du monde', 'Italie - Italia', 'Gressin, Tartinable et Condiment']",Florelli,True,False,false,2.0,MONTH,300g,[],https://courses.monoprix.fr/images-v3/0c44253f-c4a3-4340-9d37-d41e42b9d14a/3bf354ec-1f14-4a8c-becf-661427cc300e/300x300.jpg
Produits du monde,0c19514d-6b6d-417d-86a3-19a8858b350c,MPX_1248868,Kikkoman Sauce Soja 150ml,5.29,35.27,"['Produits du monde', 'Asie 亚洲', 'Sauce soja, Nems et Nuoc mam']",Kikkoman,True,False,false,1.0,YEAR,150ml,[],https://courses.monoprix.fr/images-v3/0c44253f-c4a3-4340-9d37-d41e42b9d14a/d28890d4-68ad-4673-a1da-e284aed34a2d/300x300.jpg
Produits du monde,e10eeef7-7434-41aa-b2d0-727b29a3080b,MPX_889372,Citterio Viande de boeuf Bresaloa della valtellina 70g,4.99,71.29,"['Produits du monde', 'Italie - Italia', 'Mortadelle, Saucisson et Jambon cru']",CITTERIO FRANCE,True,False,false,2.0,WEEK,70g,[],https://courses.monoprix.fr/images-v3/0c44253f-c4a3-4340-9d37-d41e42b9d14a/03fac60a-448b-469a-8c00-a222f665cef3/300x300.jpg
Produits du monde,e1e2dbed-86cf-4564-b614-6ce405c6ea0b,MPX_3961862,Profruit Amandes Décortiquées Crues 250g,3.49,13.96,"['Produits du monde', 'Oriental', 'Dattes, Graines et Fruits secs']",Profruit,True,False,false,2.0,MONTH,250g,[],https://courses.monoprix.fr/images-v3/0c44253f-c4a3-4340-9d37-d41e42b9d14a/1f351fab-cf55-40e7-b8f6-f84d33dba81e/300x300.jpg
Produits du monde,2860b6f6-8108-4a95-afa0-8369ecc3fbc1,MPX_162868,"Mamee Nouilles instantanées, saveur curry 85 g",0.85,10.0,"['Produits du monde', 'Asie 亚洲', 'Nouilles et Vermicelles']",Mamee,True,False,false,6.0,MONTH,85g,['Produit vegan'],https://courses.monoprix.fr/images-v3/0c44253f-c4a3-4340-9d37-d41e42b9d14a/530d86eb-2e63-4646-a6e2-b033fc066a45/300x300.jpg
Produits du monde,0c2058a9-0757-4f04-b6bd-2e08fc0a0ee7,MPX_6613851,Suzi Wan Nouilles Précuites Udon Natures 2x150g,3.99,13.3,"['Produits du monde', 'Asie 亚洲', 'Nouilles et Vermicelles']",SUZIWAN,True,False,false,2.0,MONTH,2 x 150g,['Produit végétarien'],https://courses.monoprix.fr/images-v3/0c44253f-c4a3-4340-9d37-d41e42b9d14a/5fd16d8b-5c81-4c4e-bb6f-00fa725c70c3/300x300.jpg
Produits du monde,7a8ebc2f-384a-4f6b-9462-07833d7083f4,MPX_3046613,Old El Paso Mélange aux Épices Doux pour Fajitas 30g,1.89,63.0,"['Produits du monde', 'Mexique - México', 'Sauces et Accompagnements']",Old el paso,True,False,false,2.0,MONTH,30g,[],https://courses.monoprix.fr/images-v3/0c44253f-c4a3-4340-9d37-d41e42b9d14a/a996e90d-2875-4285-acb9-8a07819cd455/300x300.jpg
Produits du monde,59508fa7-7c44-4ca2-9dc5-668d33ec82db,MPX_2876026,Old El Paso Tortilla Chips Saveur Fajita 185g,2.99,16.16,"['Produits du monde', 'Mexique - México', 'Produits apéritifs']",Old el paso,True,False,false,2.0,MONTH,185g,['Produit vegan'],https://courses.monoprix.fr/images-v3/0c44253f-c4a3-4340-9d37-d41e42b9d14a/3e3efcd0-8672-48c2-95d1-1b773994a3bf/300x300.jpg
Produits du monde,98cb3fe6-4380-4b51-b8f7-86fdb19113ae,MPX_6092787,Suziwan Sauce Soja Sucrée 143ml,2.59,18.11,"['Produits du monde', 'Asie 亚洲', 'Sauce soja, Nems et Nuoc mam']",Suziwan,True,False,false,6.0,MONTH,143ml,[],https://courses.monoprix.fr/images-v3/0c44253f-c4a3-4340-9d37-d41e42b9d14a/6ca87c99-904f-4355-9e70-e143047ebdb9/300x300.jpg
Produits du monde,d655104f-f7e0-4512-b6b2-db6280e40c58,MPX_2876025,Old El Paso crunchy nachips original 185g,2.99,16.16,"['Produits du monde', 'Mexique - México', 'Produits apéritifs']",Old el paso,True,False,false,2.0,MONTH,185g,['Produit vegan'],https://courses.monoprix.fr/images-v3/0c44253f-c4a3-4340-9d37-d41e42b9d14a/3eee7932-cbad-4045-bc14-4fa8fbc9e272/300x300.jpg
Produits du monde,015a4215-ed5a-4b64-83c6-f251d358605b,MPX_1513863,Kikkoman Sauce Soja Moins Salé 150Ml,5.45,36.33,"['Produits du monde', 'Asie 亚洲', 'Sauce soja, Nems et Nuoc mam']",Kikkoman,True,False,false,1.0,YEAR,150ml,[],https://courses.monoprix.fr/images-v3/0c44253f-c4a3-4340-9d37-d41e42b9d14a/7bd340f9-431b-4ef8-919e-405cfb250fa1/300x300.jpg
Produits du monde,e529df21-a83d-48ec-b518-71f34471ff3d,MPX_3329658,Rummo Penne rigate n°66 bio 500g,3.29,6.58,"['Produits du monde', 'Italie - Italia', 'Pâtes, Riz et Risotto']",RUMMO,True,False,false,1.0,YEAR,500g,['Produit bio'],https://courses.monoprix.fr/images-v3/0c44253f-c4a3-4340-9d37-d41e42b9d14a/0cde4ef9-ce22-4c21-8c7e-e1aa6b37f753/300x300.jpg
Produits du monde,e0e94f8e-846a-4205-8cb6-69337e90770a,MPX_1455027,Monoprix Guacamole 175g,2.39,13.66,"['Produits du monde', 'Mexique - México', 'Sauces et Accompagnements']",Monoprix,True,False,false,1.0,WEEK,175g,[],https://courses.monoprix.fr/images-v3/0c44253f-c4a3-4340-9d37-d41e42b9d14a/2a0fcf5d-b85b-4a52-92b6-651ffd27a347/300x300.jpg
Produits du monde,51748e1e-5d98-4eaf-8d83-22a162809a4f,MPX_6092790,Suziwan Sauce Soja 143ml,2.59,18.11,"['Produits du monde', 'Asie 亚洲', 'Sauce soja, Nems et Nuoc mam']",Suziwan,True,False,false,6.0,MONTH,143ml,[],https://courses.monoprix.fr/images-v3/0c44253f-c4a3-4340-9d37-d41e42b9d14a/7ec23a74-9687-48f5-98cc-d76ea459b304/300x300.jpg
Produits du monde,e75fc0f9-8b17-4fa3-84e7-cd3f5db41ee4,MPX_1652482,Florelli Tomates séchées 270g,4.15,29.64,"['Produits du monde', 'Italie - Italia', 'Gressin, Tartinable et Condiment']",Florelli,True,False,false,6.0,MONTH,140g,[],https://courses.monoprix.fr/images-v3/0c44253f-c4a3-4340-9d37-d41e42b9d14a/e1005172-b248-48f7-9126-db83c14ed143/300x300.jpg
Produits du monde,7b9ec992-e172-42d6-8853-1f35a10efdac,MPX_3887587,Florelli Gressins Torinesi au Romarin 125g,2.05,16.4,"['Produits du monde', 'Italie - Italia', 'Gressin, Tartinable et Condiment']",Florelli,True,False,false,2.0,MONTH,125g,[],https://courses.monoprix.fr/images-v3/0c44253f-c4a3-4340-9d37-d41e42b9d14a/b93707e6-fcdc-43f9-9bd6-f72f3528a50e/300x300.jpg
Produits du monde,37e385ee-8f1b-450c-b1b4-f15b025e61dd,MPX_3789032,Kara Crème de Coco Bio 200ml,2.59,12.95,"['Produits du monde', 'Asie 亚洲', 'Lait et Crème de coco']",Kara,True,False,false,1.0,MONTH,200ml,['Produit bio'],https://courses.monoprix.fr/images-v3/0c44253f-c4a3-4340-9d37-d41e42b9d14a/6860628d-807c-4901-a311-41fa5608ef7a/300x300.jpg
Produits du monde,73cdd444-b732-4485-aade-c49468f32dc0,MPX_5145469,Parma Prosciutto Di Parma Aop 100G,6.89,68.9,"['Produits du monde', 'Italie - Italia', 'Mortadelle, Saucisson et Jambon cru']",Rosa Dell Angelo,True,False,false,1.0,WEEK,100g,[],https://courses.monoprix.fr/images-v3/0c44253f-c4a3-4340-9d37-d41e42b9d14a/093c4249-533e-460c-84a4-f67127bd9cef/300x300.jpg
Produits du monde,03224da2-bb0b-4ddf-ad18-778dfdd067dc,MPX_4210507,Suzi Wan Chips à la crevette 50g,1.89,37.8,"['Produits du monde', 'Asie 亚洲', 'Chips, Produits apéritifs et Condiments']",SUZIWAN,True,False,false,2.0,MONTH,50g,['Produit végétarien'],https://courses.monoprix.fr/images-v3/0c44253f-c4a3-4340-9d37-d41e42b9d14a/b865a778-e1cf-47b4-a724-c8278dda1db2/300x300.jpg
Produits du monde,8cbd66a0-3a3c-4376-9a4f-00039ec6ba9f,MPX_2850212,Monoprix gourmet Guacamole 180g,4.49,24.94,"['Produits du monde', 'Mexique - México', 'Produits apéritifs']",Monoprix Gourmet,True,False,false,1.0,WEEK,180g,[],https://courses.monoprix.fr/images-v3/0c44253f-c4a3-4340-9d37-d41e42b9d14a/974efc67-aafe-40c5-8f3c-d9ebe438c0cc/300x300.jpg
Produits du monde,4ae1c26d-95a6-47cf-947f-fca596c2a3f1,MPX_2936595,Florelli gressins artisanal multigraines 250g,2.85,11.4,"['Produits du monde', 'Italie - Italia', 'Gressin, Tartinable et Condiment']",Florelli,True,False,false,2.0,MONTH,250g,[],https://courses.monoprix.fr/images-v3/0c44253f-c4a3-4340-9d37-d41e42b9d14a/fdbee6f5-9a61-456e-9848-6536cb880159/300x300.jpg
Produits du monde,e4ccfe98-2cdd-470c-9d64-c73da54271b3,MPX_3886549,Parmigiano Reggiano AOP de Montagne 24 Mois 150g,5.39,35.93,"['Produits du monde', 'Italie - Italia', 'Mozzarella, Parmesan, Burrata et Ricotta']",NoBrand,True,False,false,1.0,MONTH,150g,[],https://courses.monoprix.fr/images-v3/0c44253f-c4a3-4340-9d37-d41e42b9d14a/152f1e74-1cfd-48ab-8a55-465db5a9adf1/300x300.jpg
Produits du monde,5ae7b8b4-d3ed-421c-b3c9-9279789edc38,MPX_6235482,Jajaja tortilla chips de maïs 150g,2.59,17.27,"['Produits du monde', 'Mexique - México', 'Produits apéritifs']",Jajaja,True,False,false,2.0,MONTH,150g,['Produit vegan'],https://courses.monoprix.fr/images-v3/0c44253f-c4a3-4340-9d37-d41e42b9d14a/0f3b071c-86a8-4e9e-847b-b375190e85cc/300x300.jpg
Produits du monde,d2f0fe83-e133-4ff2-9b7e-a75a7facbb67,MPX_3343504,"Delverde Fusilli N°146, Au Blé Complet, Bio 500G",3.79,7.58,"['Produits du monde', 'Italie - Italia', 'Pâtes, Riz et Risotto']",Delverde,True,False,false,6.0,MONTH,500g,['Produit bio'],https://courses.monoprix.fr/images-v3/0c44253f-c4a3-4340-9d37-d41e42b9d14a/913de504-7885-433a-82e7-039f55f23531/300x300.jpg
Produits du monde,afa6e7b8-59ff-4925-abed-bb581c81bf85,MPX_1834129,Monoprix Bio Dattes Sachet de 250g,2.99,11.96,"['Produits du monde', 'Oriental', 'Dattes, Graines et Fruits secs']",Monoprix Bio,True,False,false,1.0,MONTH,250g,['Produit bio'],https://courses.monoprix.fr/images-v3/0c44253f-c4a3-4340-9d37-d41e42b9d14a/2fb2411d-4727-48da-9805-22fbadec2896/300x300.jpg
Produits du monde,a26c9c83-bb3f-4926-ba73-30a0f1dcf952,MPX_2063030,Ayam Coco Crémeux Allégée 20cl,1.65,8.25,"['Produits du monde', 'Asie 亚洲', 'Lait et Crème de coco']",Ayam,True,False,false,6.0,MONTH,200ml,[],https://courses.monoprix.fr/images-v3/0c44253f-c4a3-4340-9d37-d41e42b9d14a/496a8488-1261-491b-8e48-d81082c3edc4/300x300.jpg
Produits du monde,3926401f-ce79-46a4-a959-618478cd969c,MPX_1373831,Old El Paso 8 Tortillas de Maïs Souples 335g,3.19,9.52,"['Produits du monde', 'Mexique - México', 'Tortilla et Wrap']",Old el paso,True,False,false,2.0,MONTH,335g,[],https://courses.monoprix.fr/images-v3/0c44253f-c4a3-4340-9d37-d41e42b9d14a/530dd943-6e96-4caf-83af-ae5b63c83a7f/300x300.jpg
Produits du monde,1ed332b2-dc97-41cc-946f-542774ba0683,MPX_3011291,Ayam Sriracha Sauce Piment 235ml,2.39,10.17,"['Produits du monde', 'Asie 亚洲', 'Sauce soja, Nems et Nuoc mam']",Ayam,True,False,false,2.0,MONTH,235ml,[],https://courses.monoprix.fr/images-v3/0c44253f-c4a3-4340-9d37-d41e42b9d14a/8a2ba695-08ef-4457-9690-fdfcd01f812c/300x300.jpg
Produits du monde,14a37370-ca3b-47dc-89c2-fef693443250,MPX_3180027,Taralli aux graines de fenouil 250g,3.09,12.36,"['Produits du monde', 'Italie - Italia', 'Gressin, Tartinable et Condiment']",Terre di Puglia,True,False,false,2.0,MONTH,250g,[],https://courses.monoprix.fr/images-v3/0c44253f-c4a3-4340-9d37-d41e42b9d14a/271a10ce-e321-4bab-b641-6ed9bae70392/300x300.jpg
Produits du monde,8a3de29c-43b2-4537-8d91-ca3c3372f42e,MPX_6235483,Jajaja tortillas maïs jaune sans gluten 210g,3.69,17.57,"['Produits du monde', 'Mexique - México', 'Tortilla et Wrap']",Jajaja,True,False,false,2.0,MONTH,210g,"['Produit végétarien', 'Produit vegan']",https://courses.monoprix.fr/images-v3/0c44253f-c4a3-4340-9d37-d41e42b9d14a/7fa8e7d4-583c-4ff2-bf3a-82ead45a4288/300x300.jpg
Produits du monde,e8c4f1d2-5d9e-42bc-b316-3238a73c509f,MPX_1934427,Old El Paso Burrito Le Kit Burritos Saveur Original Paprika Doux 510g,6.49,12.73,"['Produits du monde', 'Mexique - México', 'Kit Tacos, Fajitas et Burritos']",Old el paso,True,False,false,2.0,MONTH,510g,[],https://courses.monoprix.fr/images-v3/0c44253f-c4a3-4340-9d37-d41e42b9d14a/c0cea24d-9088-4bba-8237-5b982450b6b1/300x300.jpg
Produits du monde,59f0d03a-4899-41e4-bde1-e59c6fef3654,MPX_2222446,"Mamee Nouilles Instantanées, Saveur Légumes 85 G",0.85,10.0,"['Produits du monde', 'Asie 亚洲', 'Nouilles et Vermicelles']",Mamee,True,False,false,2.0,MONTH,85g,"['Produit halal', 'Produit vegan']",https://courses.monoprix.fr/images-v3/0c44253f-c4a3-4340-9d37-d41e42b9d14a/cd93f650-6879-4476-b592-aa6e364385ab/300x300.jpg
Produits du monde,0d511ced-6c84-427c-acd9-9947fd6561c7,MPX_2936608,Rummo Spaghetti Alli Chitarra n°104 500g,2.49,4.98,"['Produits du monde', 'Italie - Italia', 'Pâtes, Riz et Risotto']",Rummo,True,False,false,1.0,YEAR,500g,[],https://courses.monoprix.fr/images-v3/0c44253f-c4a3-4340-9d37-d41e42b9d14a/9623f175-24e3-4ab1-8b4f-f3a89f8c2444/300x300.jpg
Produits du monde,eff256f1-b6cf-4144-9bad-343c9c16f336,MPX_3822505,Nissin Nissin Nouilles Japonaises Boeuf 5 Epices Cups 64 G,2.59,40.47,"['Produits du monde', 'Asie 亚洲', 'Nouilles et Vermicelles']",Nissin,True,False,false,2.0,MONTH,64g,[],https://courses.monoprix.fr/images-v3/0c44253f-c4a3-4340-9d37-d41e42b9d14a/3075d9ce-d7d2-4589-b44c-d653b3de3497/300x300.jpg
Produits du monde,2164dbe3-29bd-4d0c-8dd0-fae74667f030,MPX_4017169,Natoora Dattes Medjoul Fraîches - 180 gr,6.48,36.0,"['Produits du monde', 'Oriental', 'Dattes, Graines et Fruits secs']",Natoora,True,False,false,1.0,WEEK,180g,[],https://courses.monoprix.fr/images-v3/0c44253f-c4a3-4340-9d37-d41e42b9d14a/e7473e16-1c16-4a51-8409-ae1a8eff43c4/300x300.jpg
Produits du monde,575da2d3-0821-4de5-b485-6fcfc8548489,MPX_2134137,Walkers Shortbread Highlander 200g,4.09,20.45,"['Produits du monde', 'Royaume-Uni - UK', 'Biscuits, Confitures et Pâtes à tartiner']",Walkers,True,False,false,1.0,MONTH,200g,[],https://courses.monoprix.fr/images-v3/0c44253f-c4a3-4340-9d37-d41e42b9d14a/fd5ba656-5e16-4a11-a42c-97f3d4047fd3/300x300.jpg
Produits du monde,7366e048-fc86-458f-96cb-3c680c302743,MPX_1756960,Old El Paso Sauce à Cuisiner pour Fajitas 395g,3.19,8.08,"['Produits du monde', 'Mexique - México', 'Sauces et Accompagnements']",Old el paso,True,False,false,6.0,MONTH,395g,['Produit vegan'],https://courses.monoprix.fr/images-v3/0c44253f-c4a3-4340-9d37-d41e42b9d14a/bec369d9-a5fd-4142-8e73-8c691f480115/300x300.jpg
Produits du monde,8ce09a6c-5831-4b98-84b6-7be267cdbe51,MPX_3194922,Kikkoman Sauce Soja Sucrée 150ml,5.85,39.0,"['Produits du monde', 'Asie 亚洲', 'Sauce soja, Nems et Nuoc mam']",Kikkoman,True,False,false,1.0,YEAR,150ml,[],https://courses.monoprix.fr/images-v3/0c44253f-c4a3-4340-9d37-d41e42b9d14a/5844469a-6889-4259-867a-56cdfed30282/300x300.jpg
Produits du monde,6b0b36ea-33b1-42c3-ae7e-ec040081d648,MPX_1248865,Kikkoman Sauce Soja 250ml,6.19,24.76,"['Produits du monde', 'Asie 亚洲', 'Sauce soja, Nems et Nuoc mam']",Kikkoman,True,False,false,1.0,YEAR,250ml,[],https://courses.monoprix.fr/images-v3/0c44253f-c4a3-4340-9d37-d41e42b9d14a/6335e1a1-fff4-4832-9367-d3fbd5a9c662/300x300.jpg
Produits du monde,82816dd0-5aa1-442b-afdd-635385150b31,MPX_3670591,Monoprix Nouilles de Riz 250g,2.69,10.76,"['Produits du monde', 'Asie 亚洲', 'Nouilles et Vermicelles']",Monoprix,True,False,false,6.0,MONTH,250g,[],https://courses.monoprix.fr/images-v3/0c44253f-c4a3-4340-9d37-d41e42b9d14a/756b3e3e-d311-485c-befb-e82348e03a22/300x300.jpg
Produits du monde,6ae3a63c-4c75-497c-bdfd-d0a22ddea375,MPX_2876027,Old El Paso Crunchy Chips Tortilla Goût Chili 185g,2.99,16.16,"['Produits du monde', 'Mexique - México', 'Produits apéritifs']",Old el paso,True,False,false,2.0,MONTH,185g,['Produit vegan'],https://courses.monoprix.fr/images-v3/0c44253f-c4a3-4340-9d37-d41e42b9d14a/59b4db3f-89ca-425f-a98e-219ecc11895c/300x300.jpg
Produits du monde,d783c514-ba46-44c4-b99c-f6e6100130d8,MPX_1596249,Kikkoman Sauce Soja Sucrée 250ml,6.39,25.56,"['Produits du monde', 'Asie 亚洲', 'Sauce soja, Nems et Nuoc mam']",Kikkoman,True,False,false,1.0,YEAR,250ml,[],https://courses.monoprix.fr/images-v3/0c44253f-c4a3-4340-9d37-d41e42b9d14a/4c05f89f-9f2b-4d52-93c0-e50f6226d306/300x300.jpg
Produits du monde,ba0ed61b-cc5d-4c11-ba38-ed56d8785adb,MPX_2625270,Florelli Sauce Tomates Cerise et Parmesan 250g,3.19,12.76,"['Produits du monde', 'Italie - Italia', 'Sauces']",Florelli,True,False,false,6.0,MONTH,250g,[],https://courses.monoprix.fr/images-v3/0c44253f-c4a3-4340-9d37-d41e42b9d14a/d159ab73-2ce9-4ebf-8b54-66ea42db7951/300x300.jpg
Produits du monde,3be8b62b-7a9e-4f8f-83ce-f8f7f580fba1,MPX_2575966,Kara Crème de Coco Onctueuse 400ml,3.75,9.38,"['Produits du monde', 'Asie 亚洲', 'Lait et Crème de coco']",Kara,True,False,false,1.0,MONTH,400ml,[],https://courses.monoprix.fr/images-v3/0c44253f-c4a3-4340-9d37-d41e42b9d14a/419c8c17-67b4-4a93-aa2f-f16b8663ffbd/300x300.jpg
Produits du monde,19e02211-2f47-4d02-b92e-2e92e573982a,MPX_1122797,Serpis Olives Anchois Bte 150g,3.25,21.67,"['Produits du monde', 'Espagne - España', 'Epicerie Salée et Sucrée']",Serpis,True,False,false,6.0,MONTH,150g,[],https://courses.monoprix.fr/images-v3/0c44253f-c4a3-4340-9d37-d41e42b9d14a/2fcaeaf9-fa50-4776-8d9b-e5c65e1ad987/300x300.jpg
Produits du monde,900f6287-f30a-42bd-b951-d08a3eff7972,MPX_3670592,Monoprix Nouilles de Blé et Sarrasin 300g,2.69,8.97,"['Produits du monde', 'Asie 亚洲', 'Nouilles et Vermicelles']",Monoprix,True,False,false,6.0,MONTH,300g,[],https://courses.monoprix.fr/images-v3/0c44253f-c4a3-4340-9d37-d41e42b9d14a/10099761-8f1f-4cc5-ba8e-0eb9b68af71d/300x300.jpg
Produits du monde,00dafc90-dfde-4dd7-b262-9d57d8ac0fe1,MPX_3232365,Terre Di Marca Prosecco Doc Treviso Extra Dry Millesimato Biologico 75cl,9.9,13.2,"['Produits du monde', 'Italie - Italia', 'Boissons']",Terre di Marca,True,False,false,,,750ml,['Produit bio'],https://courses.monoprix.fr/images-v3/0c44253f-c4a3-4340-9d37-d41e42b9d14a/da2878fd-20c8-4d76-8fa4-ace5eb43c815/300x300.jpg
Produits du monde,dec417aa-f3fd-4db3-8a32-ace0d2e6e5a8,MPX_2949847,Frassinelli Prosecco Treviso Italie Doc 75 cl,9.5,12.67,"['Produits du monde', 'Italie - Italia', 'Boissons']",Monoprix Gourmet,True,False,false,,,75cl,[],https://courses.monoprix.fr/images-v3/0c44253f-c4a3-4340-9d37-d41e42b9d14a/60e7eb84-5f84-44c8-a8c7-e1c1131adc60/300x300.jpg
Produits du monde,edddcbdf-2507-4289-93ce-6b28ea485cac,MPX_1594930,Suzi Wan Vermicelles de Riz 250g,2.75,11.0,"['Produits du monde', 'Asie 亚洲', 'Nouilles et Vermicelles']",Suziwan,True,False,false,2.0,MONTH,250g,[],https://courses.monoprix.fr/images-v3/0c44253f-c4a3-4340-9d37-d41e42b9d14a/7dcca92f-1d8a-43f8-b90a-e1eec6427fc5/300x300.jpg
Produits du monde,bfac13e4-3395-4fa1-8d2d-2b36132e6698,MPX_968398,"Martini Rosso, apéritif à base de vin 1L",10.9,10.9,"['Produits du monde', 'Italie - Italia', 'Boissons']",MARTINI,True,False,false,,,1L,[],https://courses.monoprix.fr/images-v3/0c44253f-c4a3-4340-9d37-d41e42b9d14a/5c315392-7eb5-4022-8591-0de2fe4f2f76/300x300.jpg
Produits du monde,11ffcf02-565a-408e-8726-3ed22c2f906c,MPX_2725449,Ayam Thaïlande Pâte de Curry Vert 100g,2.75,27.5,"['Produits du monde', 'Asie 亚洲', 'Nouilles et Vermicelles']",Ayam,True,False,false,2.0,MONTH,100g,[],https://courses.monoprix.fr/images-v3/0c44253f-c4a3-4340-9d37-d41e42b9d14a/abfceeec-49ca-4383-adc0-07027d7370f5/300x300.jpg
Produits du monde,73d3d0d3-e77b-4009-9a41-e0b7f8e8100b,MPX_6624507,Ayam lait de coco 100% naturel 400ml,2.89,7.23,"['Produits du monde', 'Asie 亚洲', 'Lait et Crème de coco']",Ayam,True,False,false,6.0,MONTH,400ml,[],https://courses.monoprix.fr/images-v3/0c44253f-c4a3-4340-9d37-d41e42b9d14a/fd4f7514-f248-4575-b477-698440ba3e75/300x300.jpg
Produits du monde,d4f603ff-6abf-457d-8dee-fd8c4a1ee347,MPX_2998983,Wyke Ivy's Vintage Reserve Cheddar Blanc portion 200g,4.99,24.95,"['Produits du monde', 'Royaume-Uni - UK', 'Chips, Fromages, Sauces et Autres']",WYKE FARMS,True,False,false,1.0,MONTH,200g,[],https://courses.monoprix.fr/images-v3/0c44253f-c4a3-4340-9d37-d41e42b9d14a/5a71c2c7-459e-4c6b-beee-ffe1594daa89/300x300.jpg
Produits du monde,5330e849-ddff-46fa-b68c-66689cce2414,MPX_968401,"Martini Bianco, Apéritif À Base De Vin 1L",10.9,10.9,"['Produits du monde', 'Italie - Italia', 'Boissons']",MARTINI,True,False,false,,,1L,[],https://courses.monoprix.fr/images-v3/0c44253f-c4a3-4340-9d37-d41e42b9d14a/a626bc55-e052-4e0c-93be-12c7efae7b92/300x300.jpg
Produits du monde,e8fe7bb8-4faf-4e48-9c62-d314d1043bde,MPX_2598555,Old El Paso Kit Pour Fajitas Sans Piment Extra Doux 478g,6.99,14.62,"['Produits du monde', 'Mexique - México', 'Kit Tacos, Fajitas et Burritos']",Old el paso,True,False,false,2.0,MONTH,478g,[],https://courses.monoprix.fr/images-v3/0c44253f-c4a3-4340-9d37-d41e42b9d14a/28618595-08a2-4e7a-a8a6-edb876dea3e9/300x300.jpg
Produits du monde,0ef16c00-46db-451b-917c-edd90b77018c,MPX_3575937,Florelli Sauce Tomate À L'Arrabbiata 250G,2.85,11.4,"['Produits du monde', 'Italie - Italia', 'Sauces']",Florelli,True,False,false,6.0,MONTH,250g,[],https://courses.monoprix.fr/images-v3/0c44253f-c4a3-4340-9d37-d41e42b9d14a/9b550ff9-148a-47d8-b8ac-755760793acc/300x300.jpg
Produits du monde,c93615fd-349f-477a-ac15-79dd06de1faf,MPX_6092789,Suziwan Sauce pour Nems sans additif 143ml,2.59,18.11,"['Produits du monde', 'Asie 亚洲', 'Sauce soja, Nems et Nuoc mam']",Suziwan,True,False,false,6.0,MONTH,143ml,[],https://courses.monoprix.fr/images-v3/0c44253f-c4a3-4340-9d37-d41e42b9d14a/308de017-d6e9-442e-839c-2204b7bbafe0/300x300.jpg
Produits du monde,5fca017e-a346-4886-869d-db4173dbec25,MPX_2335442,Coriandre Bio En Pot,1.99,1.99,"['Produits du monde', 'Oriental', 'Epices et herbes']",-,True,False,false,1.0,DAY,,['Produit bio'],https://courses.monoprix.fr/images-v3/0c44253f-c4a3-4340-9d37-d41e42b9d14a/2e05e531-69a8-4e50-be96-9c75a663a6aa/300x300.jpg
Produits du monde,e981bbd0-ac56-42eb-a465-d38aa7c336c9,MPX_3834607,Suzi Wan Nouilles Aux Œufs 333Gr,3.29,9.88,"['Produits du monde', 'Asie 亚洲', 'Nouilles et Vermicelles']",Suziwan,True,False,false,6.0,MONTH,333g,[],https://courses.monoprix.fr/images-v3/0c44253f-c4a3-4340-9d37-d41e42b9d14a/c3eabefc-eef9-481c-804c-a268491c53e2/300x300.jpg
Produits du monde,b3005201-7034-4d58-af39-1d3de7588ef1,MPX_3887588,Florelli Gressins Torinesi Sésame 125g,2.09,16.72,"['Produits du monde', 'Italie - Italia', 'Gressin, Tartinable et Condiment']",Florelli,True,False,false,2.0,MONTH,125g,[],https://courses.monoprix.fr/images-v3/0c44253f-c4a3-4340-9d37-d41e42b9d14a/5bfade2d-b666-4c70-ac0d-f56975730da0/300x300.jpg
Produits du monde,0c292184-83af-4eec-a3fc-286fab3956e9,MPX_2309720,Nissin Nouilles Sautées Teriyaki 110g,1.99,18.09,"['Produits du monde', 'Asie 亚洲', 'Nouilles et Vermicelles']",Nissin,True,False,false,2.0,MONTH,110g,[],https://courses.monoprix.fr/images-v3/0c44253f-c4a3-4340-9d37-d41e42b9d14a/eeccbba0-3d7c-460b-b990-fe4454e0a423/300x300.jpg
Produits du monde,7079262f-6b57-4d37-8bf7-ca0e79f2bf46,MPX_2725448,Ayam Thaïlande Pâte De Curry Rouge 100G,2.75,27.5,"['Produits du monde', 'Asie 亚洲', 'Nouilles et Vermicelles']",Ayam,True,False,false,2.0,MONTH,100g,['Produit vegan'],https://courses.monoprix.fr/images-v3/0c44253f-c4a3-4340-9d37-d41e42b9d14a/fc2084f2-e97b-4f88-945d-a82c563a3a3f/300x300.jpg
Produits du monde,10a0a122-26ca-4d72-b118-0688886e696c,MPX_342933,Lavazza Café Moulu Perfetto Espresso 100% Arabica 250g,4.29,17.16,"['Produits du monde', 'Italie - Italia', 'Boissons']",LAVAZZA,True,False,false,2.0,MONTH,250g,[],https://courses.monoprix.fr/images-v3/0c44253f-c4a3-4340-9d37-d41e42b9d14a/ceee9bb8-8d54-49a5-a6f6-42148374c8b8/300x300.jpg
Produits du monde,de95f75b-fcd9-4807-90c3-f876c3534292,MPX_1607474,Panealba Gressins à L'huile d'Olive 250g,3.75,15.0,"['Produits du monde', 'Italie - Italia', 'Gressin, Tartinable et Condiment']",PANEALBA,True,False,false,2.0,MONTH,250g,[],https://courses.monoprix.fr/images-v3/0c44253f-c4a3-4340-9d37-d41e42b9d14a/0996e622-6106-4701-8fc3-68eed0fccd8f/300x300.jpg
Produits du monde,d41913da-4d43-4f70-a518-9903564949a1,MPX_6338626,Suziwan sauce soja allégée en sel 143ml,2.59,18.11,"['Produits du monde', 'Asie 亚洲', 'Sauce soja, Nems et Nuoc mam']",SUZIWAN,True,False,false,6.0,MONTH,143ml,['Produit végétarien'],https://courses.monoprix.fr/images-v3/0c44253f-c4a3-4340-9d37-d41e42b9d14a/b74a77f7-9a3c-4824-b2bd-658b75aa9410/300x300.jpg
Produits du monde,196d2e3f-5e65-40e7-972e-8edbde12b2bb,MPX_2339862,"Hikari Miso Tofu Wakame 57,9g",4.79,82.73,"['Produits du monde', 'Asie 亚洲', 'Soupe, Riz et Plat cuisiné']",Hikari miso,True,False,false,2.0,MONTH,57.9g,[],https://courses.monoprix.fr/images-v3/0c44253f-c4a3-4340-9d37-d41e42b9d14a/658ffcab-8004-4cc2-b824-e5b433d0b0bb/300x300.jpg
Produits du monde,c1890a73-6e16-4756-afec-134ed2426886,MPX_1652486,Florelli Artichauts grillés 170g,5.99,35.24,"['Produits du monde', 'Italie - Italia', 'Gressin, Tartinable et Condiment']",Florelli,True,False,false,6.0,MONTH,170g,[],https://courses.monoprix.fr/images-v3/0c44253f-c4a3-4340-9d37-d41e42b9d14a/44e7357a-d079-4eaa-9de6-3649ec840932/300x300.jpg
Produits du monde,96aa2eea-1a5b-410a-b997-5f79061694b6,MPX_2309719,"Nissin Nouilles Japonaises Sautées, Chili 111G",1.99,17.93,"['Produits du monde', 'Asie 亚洲', 'Nouilles et Vermicelles']",Nissin,True,False,false,2.0,MONTH,111g,[],https://courses.monoprix.fr/images-v3/0c44253f-c4a3-4340-9d37-d41e42b9d14a/7290f384-a600-465e-9fa7-ed49f133d55c/300x300.jpg
Produits du monde,754cb1a5-857c-4129-81b7-065a68b7e514,MPX_1373830,Old El Paso Sauce Apéritif Guacamole 320g,2.99,9.34,"['Produits du monde', 'Mexique - México', 'Produits apéritifs']",Old el paso,True,False,false,2.0,MONTH,320g,[],https://courses.monoprix.fr/images-v3/0c44253f-c4a3-4340-9d37-d41e42b9d14a/c5318fb6-3e08-44f1-98d0-88191ae4a934/300x300.jpg
Produits du monde,f5838307-aabc-430b-90ff-562b9c104948,MPX_2306426,Florelli Filets de thon à l'huile d'olive 140g,8.45,60.36,"['Produits du monde', 'Italie - Italia', 'Gressin, Tartinable et Condiment']",Florelli,True,False,false,6.0,MONTH,140g,[],https://courses.monoprix.fr/images-v3/0c44253f-c4a3-4340-9d37-d41e42b9d14a/e18feeca-4792-412d-95cc-1ea873af0274/300x300.jpg
Produits du monde,2763dc54-43d7-4f93-baf2-1363d8b6ddaf,MPX_1362212,Ayam Lait de Coco 200ml,1.89,9.45,"['Produits du monde', 'Asie 亚洲', 'Lait et Crème de coco']",Ayam,True,False,false,2.0,MONTH,200ml,['Produit vegan'],https://courses.monoprix.fr/images-v3/0c44253f-c4a3-4340-9d37-d41e42b9d14a/ea7f5da3-d306-40e8-a86e-455508c9f481/300x300.jpg
Produits du monde,0196c3db-03d5-42ce-b7e3-834f214077dc,MPX_3180026,Taralli Classique 250g,3.09,12.36,"['Produits du monde', 'Italie - Italia', 'Gressin, Tartinable et Condiment']",Terre di Puglia,True,False,false,2.0,MONTH,250g,[],https://courses.monoprix.fr/images-v3/0c44253f-c4a3-4340-9d37-d41e42b9d14a/3942b3f7-efd4-4cc6-8678-d300143dbd7d/300x300.jpg
Produits du monde,faeeec56-61be-48cf-bd1e-1c9fa60a68ac,MPX_4368578,Florelli Sauce Pesto Genovese 190g,3.09,16.26,"['Produits du monde', 'Italie - Italia', 'Sauces']",Florelli,True,False,false,6.0,MONTH,190g,[],https://courses.monoprix.fr/images-v3/0c44253f-c4a3-4340-9d37-d41e42b9d14a/63d30a2a-1c99-4182-92fb-3bac025a6142/300x300.jpg
Produits du monde,baeb7d6d-4832-4a97-9aa0-9b91eb34a975,MPX_4961372,Nongshim Ramen Coréen Gout Poulet Epicé 100G,2.15,21.5,"['Produits du monde', 'Asie 亚洲', 'Nouilles et Vermicelles']",Nongshim,True,False,false,2.0,MONTH,100g,[],https://courses.monoprix.fr/images-v3/0c44253f-c4a3-4340-9d37-d41e42b9d14a/62d2bb56-eaed-4a21-a1df-b4b19c4c774b/300x300.jpg
Produits du monde,2a606182-86a2-4a8a-be1b-91788c9087b3,MPX_967485,Fioci Jambon Roti aux Herbes 140g,5.45,38.93,"['Produits du monde', 'Italie - Italia', 'Mortadelle, Saucisson et Jambon cru']",Rostello,True,False,false,1.0,WEEK,140g,[],https://courses.monoprix.fr/images-v3/0c44253f-c4a3-4340-9d37-d41e42b9d14a/fd7b05b4-e007-4fc7-8085-b17717fdee85/300x300.jpg
Produits du monde,884de6fc-bc9f-4787-bc0c-d7a802200640,MPX_3267944,La Molisana Rigatoni N°1 500G,2.49,4.98,"['Produits du monde', 'Italie - Italia', 'Pâtes, Riz et Risotto']",La Molisana,True,False,false,1.0,YEAR,500g,[],https://courses.monoprix.fr/images-v3/0c44253f-c4a3-4340-9d37-d41e42b9d14a/1fd4ce45-8feb-4d5e-8407-80eb48d26f1d/300x300.jpg
Produits du monde,cd47ba7f-a8d0-4e60-bb24-03e749e40589,MPX_3837198,Nissin Soba Nouilles Yakitori Poulet Sachet 110G,1.99,18.09,"['Produits du monde', 'Asie 亚洲', 'Nouilles et Vermicelles']",Nissin,True,False,false,2.0,MONTH,110g,[],https://courses.monoprix.fr/images-v3/0c44253f-c4a3-4340-9d37-d41e42b9d14a/b567db49-28bc-435e-95f6-fd115f9de567/300x300.jpg
Produits du monde,178e875a-8e0b-4223-99fe-5e48a9f3f78f,MPX_2625268,Florelli Sauce Aux Tomates Cerises Et Mascarpone. 250G,2.99,11.96,"['Produits du monde', 'Italie - Italia', 'Sauces']",Florelli,True,False,false,6.0,MONTH,250g,[],https://courses.monoprix.fr/images-v3/0c44253f-c4a3-4340-9d37-d41e42b9d14a/ef81a661-ab54-4a8c-a148-0a8eaaf6109f/300x300.jpg
Produits du monde,d44d3151-52b6-44e4-91c6-8564844fb619,MPX_6565605,WW 8 wraps protéinés 330g,4.09,12.39,"['Produits du monde', 'Mexique - México', 'Tortilla et Wrap']",Weight Watchers,True,False,false,1.0,MONTH,330g,[],https://courses.monoprix.fr/images-v3/0c44253f-c4a3-4340-9d37-d41e42b9d14a/7d01b083-3edf-40e8-8a8a-920e9aafb046/300x300.jpg
Produits du monde,8a863336-8772-472b-b20c-728f7d0c955f,MPX_1490408,Suzi Wan Lait de Coco 500ml,3.45,6.9,"['Produits du monde', 'Asie 亚洲', 'Lait et Crème de coco']",SUZIWAN,True,False,false,2.0,MONTH,500ml,['Produit végétarien'],https://courses.monoprix.fr/images-v3/0c44253f-c4a3-4340-9d37-d41e42b9d14a/ffa3dbb4-e3ee-47df-8897-5896215e1367/300x300.jpg
Produits du monde,0080427e-3ad1-4c0d-9ed2-b2c5bac3d67f,MPX_3182426,Regent'S Park 4 muffin 7 grains 250g,3.69,14.76,"['Produits du monde', 'Royaume-Uni - UK', 'Biscuits, Confitures et Pâtes à tartiner']",REGENT'S PARK,True,False,false,1.0,WEEK,250g,['Produit végétarien'],https://courses.monoprix.fr/images-v3/0c44253f-c4a3-4340-9d37-d41e42b9d14a/902aaf84-4680-44ed-8fdf-294e5861739d/300x300.jpg
Produits du monde,1bc72129-dde1-4f61-a67a-d143744819c2,MPX_3886672,Reese's x2 Chocolats Au Beurre D'arachide 39.5g,1.79,44.75,"['Produits du monde', 'Etats-Unis - USA', 'Pains, Biscuits et Confiseries']",Reese's,True,False,false,1.0,MONTH,2 x 20g,[],https://courses.monoprix.fr/images-v3/0c44253f-c4a3-4340-9d37-d41e42b9d14a/976f14b1-f1b6-4261-8ba2-9855783e7511/300x300.jpg
Produits du monde,89aa538d-b8f8-46f9-a03b-0ba6fe72e106,MPX_6317922,Floristán Tortilla aux oignons 500g,4.15,8.3,"['Produits du monde', 'Espagne - España', 'Epicerie Salée et Sucrée']",Floristan,True,False,false,4.0,WEEK,500g,[],https://courses.monoprix.fr/images-v3/0c44253f-c4a3-4340-9d37-d41e42b9d14a/2c3332c1-4fa3-4c4f-ad14-3c00279b23e8/300x300.jpg
Produits du monde,a73653b1-1312-43fa-8ac5-e3d7e47344c7,MPX_2140256,Ayam Crème de Coco 200ml,1.99,9.95,"['Produits du monde', 'Asie 亚洲', 'Lait et Crème de coco']",Ayam,True,False,false,6.0,MONTH,200ml,['Produit vegan'],https://courses.monoprix.fr/images-v3/0c44253f-c4a3-4340-9d37-d41e42b9d14a/b008df41-9cb3-44fb-86c0-d3256765e08d/300x300.jpg
Produits du monde,8c827cb4-9a29-4dd9-8d2c-c2eaa9c42cec,MPX_3279817,Monoprix Bio Mascarpone Texture Crémeuse 250g,3.99,15.96,"['Produits du monde', 'Italie - Italia', 'Mozzarella, Parmesan, Burrata et Ricotta']",Monoprix Bio,True,False,false,1.0,WEEK,250g,['Produit bio'],https://courses.monoprix.fr/images-v3/0c44253f-c4a3-4340-9d37-d41e42b9d14a/52dfffbd-b4eb-4901-9d3c-e3453d5b1184/300x300.jpg
Produits du monde,12d286d3-349c-4330-a5ce-d71781f187eb,MPX_6708500,Florelli Pinsa Romana 230g,3.85,16.74,"['Produits du monde', 'Italie - Italia', 'Biscuits, Panettone, Foccacia et Miel']",Florelli,True,False,false,4.0,WEEK,230g,[],https://courses.monoprix.fr/images-v3/0c44253f-c4a3-4340-9d37-d41e42b9d14a/ce218b2e-2449-4858-a6a3-ea5daa12f94c/300x300.jpg
Produits du monde,9a78827e-c0e7-440b-961f-e3927542e821,MPX_3887584,Florelli Gressins au Romarin 300g,2.75,9.17,"['Produits du monde', 'Italie - Italia', 'Gressin, Tartinable et Condiment']",Florelli,True,False,false,2.0,MONTH,300g,[],https://courses.monoprix.fr/images-v3/0c44253f-c4a3-4340-9d37-d41e42b9d14a/26816b8e-caca-4253-b4b5-ca8473d3f6c2/300x300.jpg
Produits du monde,d7cb2902-6dfc-48e1-9ff3-8f5e16721eec,MPX_3177973,Pecorino Pepato Vieux 200g,5.7,28.5,"['Produits du monde', 'Italie - Italia', 'Mozzarella, Parmesan, Burrata et Ricotta']",PAS DE MARQUE,True,False,false,1.0,WEEK,200,[],https://courses.monoprix.fr/images-v3/0c44253f-c4a3-4340-9d37-d41e42b9d14a/a4e782df-2a20-4257-96cc-2aef3c1c8ea9/300x300.jpg
Produits du monde,6a485553-d38a-4d62-9d07-f27e5c7a723c,MPX_3887572,Dolcioso Mini Panettone 100g,2.39,23.9,"['Produits du monde', 'Italie - Italia', 'Biscuits, Panettone, Foccacia et Miel']",DOLCIOSO,True,False,false,1.0,MONTH,100g,[],https://courses.monoprix.fr/images-v3/0c44253f-c4a3-4340-9d37-d41e42b9d14a/6ca91bfd-5397-4c1e-baaf-a0ba3c245861/300x300.jpg
Produits du monde,f2b00746-dabc-4a76-b6e8-2af40655a8ff,MPX_3960357,Lavazza Café en Grain Qualité Oro Intense 1kg,17.9,17.9,"['Produits du monde', 'Italie - Italia', 'Boissons']",Lavazza,True,False,false,6.0,MONTH,1kg,[],https://courses.monoprix.fr/images-v3/0c44253f-c4a3-4340-9d37-d41e42b9d14a/69bcb613-4119-4acd-a794-76c835346ed2/300x300.jpg
Produits du monde,73880b31-f018-42b4-a64a-9a849042e360,MPX_2107277,Caresse Antillaise Fruit De La Passion 1L,3.99,3.99,"['Produits du monde', 'Produits créoles - kré(y)ol', 'Jus et Soda']",Caresse antillaise,True,False,false,3.0,WEEK,1L,[],https://courses.monoprix.fr/images-v3/0c44253f-c4a3-4340-9d37-d41e42b9d14a/e23184df-fce5-4134-89fa-2c975ff9cdf8/300x300.jpg
Produits du monde,acecdd74-c111-47aa-abbb-9a9d66349576,MPX_29352,Lavazza Café Moulu L'Espresso Italiano 100% Arabica 2x250g,7.99,15.98,"['Produits du monde', 'Italie - Italia', 'Boissons']",Lavazza,True,False,false,2.0,MONTH,2 x 250g,[],https://courses.monoprix.fr/images-v3/0c44253f-c4a3-4340-9d37-d41e42b9d14a/a5a25e66-38b3-43bd-b42f-308afe92f859/300x300.jpg
Produits du monde,35645f27-27f3-49db-ab32-c35a129b9841,MPX_3729178,Monoprix Bio Purée de Sésame Tahin 175G,4.75,27.14,"['Produits du monde', 'Oriental', 'Sauce, base culinaire et condiments']",Monoprix Bio,True,False,false,6.0,MONTH,175g,[],https://courses.monoprix.fr/images-v3/0c44253f-c4a3-4340-9d37-d41e42b9d14a/ef1e4913-9397-42ff-8b34-943cce02fe5f/300x300.jpg
Produits du monde,cdabb7a5-1095-4608-8b25-21e95b914f6a,MPX_3405379,Villani Saucisson À La Truffe Tartuf'O 80G,5.49,68.63,"['Produits du monde', 'Italie - Italia', 'Mortadelle, Saucisson et Jambon cru']",VILLANI,True,False,false,3.0,WEEK,80g,[],https://courses.monoprix.fr/images-v3/0c44253f-c4a3-4340-9d37-d41e42b9d14a/924348cd-ee9c-43ee-8f4f-04e4b7ea0b29/300x300.jpg
Produits du monde,d7380506-f683-45af-a4dd-5ab988fa4cac,MPX_3939536,Jacob's Cream Crackers 200g,2.55,12.75,"['Produits du monde', 'Royaume-Uni - UK', 'Biscuits, Confitures et Pâtes à tartiner']",Jacobs,True,False,false,2.0,MONTH,200g,['Produit vegan'],https://courses.monoprix.fr/images-v3/0c44253f-c4a3-4340-9d37-d41e42b9d14a/fc418e99-edc3-4836-9893-d1cc76d360f9/300x300.jpg
"Produits Laitiers, Œufs et Fromages",cc1ef203-11e2-4f2a-a64d-b28250978acd,MPX_2638867,Président Beurre Gastronomique doux 82% MG Plaquette 250g,2.99,11.96,"['Promotions', 'Les promos à ne pas manquer', 'Beurre Président, 50% sur le 2ème']",President,True,False,false,3.0,WEEK,250g,[],https://courses.monoprix.fr/images-v3/0c44253f-c4a3-4340-9d37-d41e42b9d14a/60ab82de-75bc-45b2-ade5-d9a3016b64d3/300x300.jpg
"Produits Laitiers, Œufs et Fromages",3b5941c2-ae78-4888-93c3-c36c2f7ae818,MPX_1111204,Matin Leger Lait Sans Lactose 6x1L,12.49,2.08,"['Boissons et Lait', 'Lait', 'Lait UHT demi-écrémé']",Matin leger,True,False,false,4.0,WEEK,6 x 1L,[],https://courses.monoprix.fr/images-v3/0c44253f-c4a3-4340-9d37-d41e42b9d14a/a86b8ad3-1998-44d0-a591-408508857693/300x300.jpg
"Produits Laitiers, Œufs et Fromages",950254c9-0aa5-4a07-9c2c-04d13ff09be5,MPX_3071497,Parmareggio Reggiano Râpé Frais Aop 60g,2.09,34.83,"['Promotions', 'Les promos à ne pas manquer', 'Parmesan Parmareggio, 50% sur le 2ème']",Entremont,True,False,false,4.0,WEEK,60g,[],https://courses.monoprix.fr/images-v3/0c44253f-c4a3-4340-9d37-d41e42b9d14a/806076f0-4015-4590-a40c-82cf781dd2b4/300x300.jpg
"Produits Laitiers, Œufs et Fromages",eda1cb20-7102-4d28-9bde-3b4d77c1b9fd,MPX_3032569,Président Camembert 250g,2.49,9.96,"['Produits Laitiers, Œufs et Fromages', 'Fromages à déguster, à la coupe', 'Camembert, Brie et Coulommiers']",Président,True,False,false,1.0,WEEK,250g,[],https://courses.monoprix.fr/images-v3/0c44253f-c4a3-4340-9d37-d41e42b9d14a/b43edc58-58ac-411e-a770-b65d1c00718b/300x300.jpg
"Produits Laitiers, Œufs et Fromages",a4a22b9c-a6b8-4449-a2d6-2418373590f4,MPX_3858545,Hipro Yaourt Vanille 15g Protéines 2x160g,2.99,9.34,"['Produits Laitiers, Œufs et Fromages', 'Yaourts', 'Yaourts aromatisés et aux fruits']",Hipro,True,False,false,1.0,WEEK,320g,[],https://courses.monoprix.fr/images-v3/0c44253f-c4a3-4340-9d37-d41e42b9d14a/125d8b18-6e8f-4454-a8b8-0e251dfa0810/300x300.jpg
"Produits Laitiers, Œufs et Fromages",de0ed18b-46ea-44d4-b641-d805712b4e31,MPX_1342850,Yoplait Ptit Yop Panache Yaourt A Boire 6x180g,3.49,19.39,"['Nos sélections', 'Boutique Enfants', 'Repas facile pour les enfants', 'Dessert']",Yop,True,False,false,1.0,WEEK,180g,[],https://courses.monoprix.fr/images-v3/0c44253f-c4a3-4340-9d37-d41e42b9d14a/3ecb02ef-9fab-4927-8beb-2088efb38c41/300x300.jpg
"Produits Laitiers, Œufs et Fromages",e2a5d993-d81f-44d3-a28e-88349b719c18,MPX_116904,Le Petit Basque Caillé De Brebis Nature 2x125g,2.45,9.8,"['Produits Laitiers, Œufs et Fromages', 'Yaourts', 'Chèvres et Brebis']",Le petit basque,True,False,false,1.0,WEEK,2 x 125g,[],https://courses.monoprix.fr/images-v3/0c44253f-c4a3-4340-9d37-d41e42b9d14a/cfe5786c-1f0e-491d-ba6c-0292fd92fb47/300x300.jpg
"Produits Laitiers, Œufs et Fromages",794bdef9-44c8-4a41-a68b-054f11c881a1,MPX_161280,Elle&vire Crème Fleurette De Normandie Entière 33cl,2.65,8.03,"['Produits Laitiers, Œufs et Fromages', 'Crèmes et Chantilly', 'Crème fraîche']",Elle & Vire,True,False,false,2.0,WEEK,330ml,[],https://courses.monoprix.fr/images-v3/0c44253f-c4a3-4340-9d37-d41e42b9d14a/c5f7c794-66a9-4438-8588-879aa5b1caa3/300x300.jpg
"Produits Laitiers, Œufs et Fromages",7e7fca87-655f-42ab-a640-0da77987e596,MPX_3166397,Activia Probiotiques Céréales Yaourt Muesli Bifidus 4x120g,2.35,4.9,"['Promotions', 'Les promos à ne pas manquer', 'Yaourts Activia, 50% sur le 2ème']",Activia,True,False,false,1.0,WEEK,4 x 120g,[],https://courses.monoprix.fr/images-v3/0c44253f-c4a3-4340-9d37-d41e42b9d14a/07683fda-88ad-4428-b9a9-93de11981f5b/300x300.jpg
"Produits Laitiers, Œufs et Fromages",65712d5a-06e5-4ca9-bf78-52e0f4138694,MPX_2638866,Président Beurre Gastronomique Demi-sel Plaquette 250g,3.29,13.16,"['Promotions', 'Les promos à ne pas manquer', 'Beurre Président, 50% sur le 2ème']",Président,True,False,false,3.0,WEEK,250g,[],https://courses.monoprix.fr/images-v3/0c44253f-c4a3-4340-9d37-d41e42b9d14a/b35671c8-01a4-4d1b-8a14-b6f2350777cf/300x300.jpg
"Produits Laitiers, Œufs et Fromages",fe8a69f2-c55c-4562-beca-7d223524c298,MPX_6679617,Yoplait Panier De Yoplait Morceaux Fruits Rouges 8x125g,3.69,3.69,"['Produits Laitiers, Œufs et Fromages', 'Yaourts', 'Yaourts aromatisés et aux fruits']",Yoplait,True,False,false,1.0,WEEK,8 x 125g,[],https://courses.monoprix.fr/images-v3/0c44253f-c4a3-4340-9d37-d41e42b9d14a/81489ca4-0af2-419e-821d-2520e5e1bf3d/300x300.jpg
"Produits Laitiers, Œufs et Fromages",16ad265e-64f4-4e86-bfdd-de7f53e4fbc2,MPX_2321410,Mini yop fraise yaourt a boire bouteilles 8x100g,3.09,3.86,"['Produits Laitiers, Œufs et Fromages', 'Yaourts', 'Yaourts à boire']",Yoplait,True,False,false,1.0,WEEK,8 x 100g,[],https://courses.monoprix.fr/images-v3/0c44253f-c4a3-4340-9d37-d41e42b9d14a/83a0474f-faf3-4843-b9e6-a396bcfecf2b/300x300.jpg
"Produits Laitiers, Œufs et Fromages",1b756470-5994-4478-aeb0-7440d1018844,MPX_1594909,Elle&Vire Sauce béchamel au lait entier format poche 33cl,2.49,7.55,"['Produits Laitiers, Œufs et Fromages', 'Crèmes et Chantilly', 'Crème fraîche']",Elle & Vire,True,False,false,2.0,WEEK,330ml,[],https://courses.monoprix.fr/images-v3/0c44253f-c4a3-4340-9d37-d41e42b9d14a/34b8e5ab-db9b-4aa7-a522-350ce9af957e/300x300.jpg
"Produits Laitiers, Œufs et Fromages",c1527bfa-fc4e-43ce-bbe4-51423f230b63,MPX_1045402,Monoprix Gourmet Fleur de mousse café sur sa ganache 2X80g,3.25,20.31,"['Produits Laitiers, Œufs et Fromages', 'Desserts', 'Mousses et Liégeois']",Monoprix Gourmet,True,False,false,1.0,WEEK,2 x 80g,[],https://courses.monoprix.fr/images-v3/0c44253f-c4a3-4340-9d37-d41e42b9d14a/e2002c98-ad10-4c06-8855-df0822583534/300x300.jpg
"Produits Laitiers, Œufs et Fromages",b896efd3-49d1-4e20-9e0b-573b51a84ff2,MPX_3045578,Actimel yaourt à boire nature 0% 8x100g,4.09,5.11,"['Produits Laitiers, Œufs et Fromages', 'Yaourts', 'Yaourts à boire']",Actimel,True,False,false,1.0,WEEK,8 x 100g,[],https://courses.monoprix.fr/images-v3/0c44253f-c4a3-4340-9d37-d41e42b9d14a/992f73ad-66ff-44ca-bf11-fa2b82e72ab4/300x300.jpg
"Produits Laitiers, Œufs et Fromages",f4fd687e-a866-4a46-8823-55777e2e12a9,MPX_3045577,Actimel Yaourt À Boire Multifruits 8x100g,4.19,5.24,"['Produits Laitiers, Œufs et Fromages', 'Yaourts', 'Yaourts à boire']",Actimel,True,False,false,1.0,WEEK,8 x 100g,[],https://courses.monoprix.fr/images-v3/0c44253f-c4a3-4340-9d37-d41e42b9d14a/e76d4867-3c85-44b6-9812-d3758c1dd3c4/300x300.jpg
"Produits Laitiers, Œufs et Fromages",5e8beb6a-e669-47f7-b498-cb004957820b,MPX_4231092,Monoprix Bio Œufs Bio x10,4.89,0.49,"['Bio', 'Crèmerie bio', 'Œuf bio']",Monoprix Bio,True,False,false,1.0,WEEK,10 par pack,['Produit bio'],https://courses.monoprix.fr/images-v3/0c44253f-c4a3-4340-9d37-d41e42b9d14a/dbac32ed-f009-4e8e-9cff-9bff8feb6dca/300x300.jpg
"Produits Laitiers, Œufs et Fromages",d458f6be-d4f4-4c83-99e0-aebd8e742535,MPX_123286,Monoprix Emmental français râpé 200g,1.79,8.95,"['Nos sélections', 'Inspiration du moment', 'Nos coups de coeur Origine France']",Monoprix,True,False,false,3.0,WEEK,200g,[],https://courses.monoprix.fr/images-v3/0c44253f-c4a3-4340-9d37-d41e42b9d14a/e017faf1-a174-4109-b653-fd02812346d5/300x300.jpg
"Produits Laitiers, Œufs et Fromages",ebb1891d-e36b-4e02-a521-55cedfd71c10,MPX_1120135,Monoprix beurre doux 250g,2.39,9.56,"['Nos sélections', 'Inspiration du moment', ""& La pâtisserie c'est du gâteau"", 'Produits laitiers et œufs']",Monoprix,True,False,false,3.0,WEEK,250g,[],https://courses.monoprix.fr/images-v3/0c44253f-c4a3-4340-9d37-d41e42b9d14a/c5f6816a-5047-4117-a613-a0c81520b589/300x300.jpg
"Produits Laitiers, Œufs et Fromages",8b3f5b6f-c47d-4687-8f05-db5efeba8a99,MPX_1119096,Monoprix mozzarella le sachet de 125g,0.89,7.12,"['Produits du monde', 'Italie - Italia', 'Mozzarella, Parmesan, Burrata et Ricotta']",Monoprix,True,False,false,1.0,WEEK,125g,[],https://courses.monoprix.fr/images-v3/0c44253f-c4a3-4340-9d37-d41e42b9d14a/cbb48813-1fe1-4f35-9f39-71af31292bc2/300x300.jpg
"Produits Laitiers, Œufs et Fromages",b2cf52be-a051-409f-aed1-b2c47d918327,MPX_1279416,Monoprix Gourmet Œufs Gros Label Rouge 6 Unités,2.69,0.45,"['Nos sélections', 'Inspiration du moment', '& Notre sélection brunch', 'Œufs']",Monoprix Gourmet,True,False,false,1.0,WEEK,6 par pack,[],https://courses.monoprix.fr/images-v3/0c44253f-c4a3-4340-9d37-d41e42b9d14a/adf8d217-26dc-4e9f-9362-c4535e76a8f8/300x300.jpg
"Produits Laitiers, Œufs et Fromages",1d91ec08-429c-44cd-9c85-16d60ffec1ea,MPX_2455127,Casa Azzurra Parmigiano Reggiano Râpé Aop 60g,1.75,29.17,"['Produits Laitiers, Œufs et Fromages', 'Fromages à cuisiner, raclettes et apéritifs', 'Fromages râpés']",Casa azzurra,True,False,false,4.0,WEEK,60g,[],https://courses.monoprix.fr/images-v3/0c44253f-c4a3-4340-9d37-d41e42b9d14a/1485f8b5-3312-4613-834e-4f180955a4ea/300x300.jpg
"Produits Laitiers, Œufs et Fromages",5bbc78a3-bc68-41f8-892a-4fd77ca3f0f1,MPX_2455126,Casa Azzurra Fromage Grana Padano Aop 100g,2.29,22.9,"['Produits Laitiers, Œufs et Fromages', 'Fromages à cuisiner, raclettes et apéritifs', 'Fromages râpés']",Casa azzurra,True,False,false,4.0,WEEK,100g,[],https://courses.monoprix.fr/images-v3/0c44253f-c4a3-4340-9d37-d41e42b9d14a/fb8a8ea9-f848-47e2-9020-8bb9b6d7942a/300x300.jpg
"Produits Laitiers, Œufs et Fromages",0ed5503f-4c14-4200-bf0e-aec756a71770,MPX_3032568,Président Emmental Râpé Fondant 200g,2.59,12.95,"['Produits Laitiers, Œufs et Fromages', 'Fromages à cuisiner, raclettes et apéritifs', 'Fromages râpés']",Président,True,False,false,3.0,WEEK,200g,[],https://courses.monoprix.fr/images-v3/0c44253f-c4a3-4340-9d37-d41e42b9d14a/95242ca1-2119-4413-bbc9-3cec278b6287/300x300.jpg
"Produits Laitiers, Œufs et Fromages",6ee71c87-d750-41b3-a2b3-60875e41b06d,MPX_3636368,Monoprix Œufs de poules élevées en plein air x12,4.65,0.39,"['Nos sélections', 'Inspiration du moment', '& Notre sélection brunch', 'Œufs']",Monoprix,True,False,false,1.0,WEEK,12 par pack,[],https://courses.monoprix.fr/images-v3/0c44253f-c4a3-4340-9d37-d41e42b9d14a/87a8d98a-6e00-4fe7-b254-01fff98e1a3a/300x300.jpg
"Produits Laitiers, Œufs et Fromages",708f1121-1b32-46c8-a6d8-d8ff4b4b867d,MPX_1349675,Monoprix Comté 6 mois d'affinage 250g,3.59,14.36,"['Nos sélections', 'Inspiration du moment', '& Apéro entre amis', 'Fromages']",Monoprix,True,False,false,3.0,WEEK,250g,[],https://courses.monoprix.fr/images-v3/0c44253f-c4a3-4340-9d37-d41e42b9d14a/18538f00-b105-4def-8ab5-2b64c1a437d9/300x300.jpg
"Produits Laitiers, Œufs et Fromages",b6271c2b-9759-41e3-8cd5-07e7c8f5d2b2,MPX_64779,Grand Fermage Beurre Cristaux Sel De Mer 250g,3.29,13.16,"['Nos régions de France', 'Pays de la Loire', 'Sel et beurre de Noirmoutier']",Grand fermage,True,False,false,3.0,WEEK,250g,[],https://courses.monoprix.fr/images-v3/0c44253f-c4a3-4340-9d37-d41e42b9d14a/bdb61eb1-8980-4fb9-9cc4-76aa6a9fe947/300x300.jpg
"Produits Laitiers, Œufs et Fromages",d7602053-c820-425d-b31c-5e78a80efe75,MPX_4231091,Monoprix Bio Œufs Bio x6,3.09,0.52,"['Bio', 'Crèmerie bio', 'Œuf bio']",Monoprix Bio,True,False,false,1.0,WEEK,6 par pack,['Produit bio'],https://courses.monoprix.fr/images-v3/0c44253f-c4a3-4340-9d37-d41e42b9d14a/1ce2483b-a996-4e6d-9f3c-e7133c90f068/300x300.jpg
"Produits Laitiers, Œufs et Fromages",3c95bf82-e735-4411-85f6-cf2a59e5207f,MPX_875909,Monoprix Lait Demi Ecrémé 6x1L,6.39,1.07,"['Boissons et Lait', 'Lait', 'Lait UHT demi-écrémé']",Monoprix,True,False,false,1.0,MONTH,6 x 1L,[],https://courses.monoprix.fr/images-v3/0c44253f-c4a3-4340-9d37-d41e42b9d14a/f9ff0ec5-0d0c-498e-b88c-0e01f9cbc570/300x300.jpg
"Produits Laitiers, Œufs et Fromages",068a4088-3a81-4fc4-a008-63e5d9553a8c,MPX_3032567,Galbani Mozzarella 125g,1.45,11.6,"['Produits Laitiers, Œufs et Fromages', 'Fromages à cuisiner, raclettes et apéritifs', 'Mozza, Feta et Burrata']",Galbani,True,False,false,1.0,WEEK,125g,[],https://courses.monoprix.fr/images-v3/0c44253f-c4a3-4340-9d37-d41e42b9d14a/89071631-34c4-4305-afdc-de093af07124/300x300.jpg
"Produits Laitiers, Œufs et Fromages",47ce7a00-b981-415c-88f5-36694577f628,MPX_1681325,Monoprix Comté Râpé 140g,2.89,20.64,"['Nos sélections', 'Inspiration du moment', 'Nos coups de coeur Origine France']",Monoprix,True,False,false,2.0,WEEK,140g,[],https://courses.monoprix.fr/images-v3/0c44253f-c4a3-4340-9d37-d41e42b9d14a/7d0e3c3c-fb42-4641-84a5-8d2b8a3866b7/300x300.jpg
"Produits Laitiers, Œufs et Fromages",c801a570-bd83-4da8-94a4-c7c09f864702,MPX_1044803,Monoprix Gourmet Mozzarella De Bufala 150g,3.05,20.33,"['Nos sélections', 'Inspiration du moment', '& Frigo vide', 'Produits laitiers et Œufs']",Monoprix Gourmet,True,False,false,5.0,DAY,150g,[],https://courses.monoprix.fr/images-v3/0c44253f-c4a3-4340-9d37-d41e42b9d14a/5ae49b6f-3954-4c19-9850-67094622b8b9/300x300.jpg
"Produits Laitiers, Œufs et Fromages",a0a8b2c2-8431-4e05-b264-38e3d6ea7d34,MPX_3635643,Monoprix Oeufs de Poules Elevées en Plein Air x6,2.39,0.4,"['Nos sélections', 'Inspiration du moment', '& Sélection petit déjeuner', 'Produits laitiers et œufs']",Monoprix,True,False,false,1.0,WEEK,6 par pack,[],https://courses.monoprix.fr/images-v3/0c44253f-c4a3-4340-9d37-d41e42b9d14a/01029a5b-01c8-4701-9776-8987b060fc21/300x300.jpg
"Produits Laitiers, Œufs et Fromages",74a39287-023c-457f-8f3f-b80dbd040038,MPX_1120134,Monoprix beurre demi-sel 250g,2.45,9.8,"['Nos sélections', 'Inspiration du moment', '& Frigo vide', 'Produits laitiers et Œufs']",Monoprix,True,False,false,2.0,WEEK,250g,[],https://courses.monoprix.fr/images-v3/0c44253f-c4a3-4340-9d37-d41e42b9d14a/95211356-3c6a-4b2d-bc63-3078c6bcd2c9/300x300.jpg
"Produits Laitiers, Œufs et Fromages",b3d0d4ed-3379-4f35-ad29-64c1ed9cd26c,MPX_3045477,Salakis Fromage Au Lait De Brebis Pasteurisé 200g,3.35,16.75,"['Produits Laitiers, Œufs et Fromages', 'Fromages à cuisiner, raclettes et apéritifs', 'Mozza, Feta et Burrata']",Salakis,True,False,false,2.0,WEEK,200g,[],https://courses.monoprix.fr/images-v3/0c44253f-c4a3-4340-9d37-d41e42b9d14a/960ff779-a4ea-43b0-830d-bcc06a38c2ec/300x300.jpg
"Produits Laitiers, Œufs et Fromages",b35666a7-67ab-4f66-a48d-34d072df8596,MPX_966137,Monoprix Bio lait demi-écrémé stérilisée 6x1L,7.69,1.28,"['Bio', 'Crèmerie bio', 'Lait bio']",Monoprix Bio,True,False,false,1.0,MONTH,6 x 1L,['Produit bio'],https://courses.monoprix.fr/images-v3/0c44253f-c4a3-4340-9d37-d41e42b9d14a/4b0799fc-1e54-4f38-a5d8-9aaff4d7842d/300x300.jpg
"Produits Laitiers, Œufs et Fromages",d889add0-aef4-411c-8793-a78ec6e62e71,MPX_969528,Monoprix Yaourt à la grecque 4x150g,1.89,3.15,"['Nos sélections', 'Inspiration du moment', '& Sélection petit déjeuner', 'Produits laitiers et œufs']",Monoprix,True,False,false,1.0,WEEK,4 x 150g,[],https://courses.monoprix.fr/images-v3/0c44253f-c4a3-4340-9d37-d41e42b9d14a/b10c1ee4-24ee-4e02-b5b4-01247cd7f7d8/300x300.jpg
"Produits Laitiers, Œufs et Fromages",f2af47ec-0bdb-4e7a-9428-f050bd4c005f,MPX_1626049,Loué Oeuf Fermier Gros Bio Boîte X6,4.39,0.73,"['Bio', 'Crèmerie bio', 'Œuf bio']",FERMIERS DE LOUE,True,False,false,1.0,WEEK,6 par pack,['Produit bio'],https://courses.monoprix.fr/images-v3/0c44253f-c4a3-4340-9d37-d41e42b9d14a/0ffb6ab4-e8ed-4b4e-8319-3901956a9bab/300x300.jpg
"Produits Laitiers, Œufs et Fromages",dcab083d-4784-489a-b013-c839904477fa,MPX_3974173,Viennois Liégeois chocolat 4x100g,1.79,4.48,"['Produits Laitiers, Œufs et Fromages', 'Desserts', 'Mousses et Liégeois']",Viennois,True,False,false,1.0,WEEK,4 x 100g,[],https://courses.monoprix.fr/images-v3/0c44253f-c4a3-4340-9d37-d41e42b9d14a/4af5cd91-ab98-42d1-849c-6f3216c7f75b/300x300.jpg
"Produits Laitiers, Œufs et Fromages",efad3175-83c3-4b38-9437-9e867f58a440,MPX_127272,Monoprix Crème Fluide Légère Stérilisée 3x20cl,1.93,3.22,"['Nos sélections', 'Inspiration du moment', '& Frigo vide', 'Produits laitiers et Œufs']",Monoprix,True,False,false,1.0,MONTH,3 x 20cl,[],https://courses.monoprix.fr/images-v3/0c44253f-c4a3-4340-9d37-d41e42b9d14a/901def68-0f4c-409b-a8af-d4e897d574fc/300x300.jpg
"Produits Laitiers, Œufs et Fromages",e6261aa4-1917-4fa9-9f54-0d4030aa56f1,MPX_64360,Cœur De Lion Camembert 250g,2.59,10.36,"['Produits Laitiers, Œufs et Fromages', 'Fromages à déguster, à la coupe', 'Camembert, Brie et Coulommiers']",Coeur de lion,True,False,false,1.0,WEEK,250g,[],https://courses.monoprix.fr/images-v3/0c44253f-c4a3-4340-9d37-d41e42b9d14a/e2c836cd-65b1-4614-9724-39ba0a20d1be/300x300.jpg
"Produits Laitiers, Œufs et Fromages",966484df-af5b-422a-a4cc-62030340a041,MPX_797202,Gervita Fromage blanc mousse nature 8x100g,4.09,5.11,"['Produits Laitiers, Œufs et Fromages', 'Yaourts', 'Yaourts natures']",Gervita,True,False,false,1.0,WEEK,8 x 100g,[],https://courses.monoprix.fr/images-v3/0c44253f-c4a3-4340-9d37-d41e42b9d14a/20476174-e70e-4f40-b068-222dfbc1db5d/300x300.jpg
"Produits Laitiers, Œufs et Fromages",405796aa-76f1-4061-ab26-8b055c86418d,MPX_3550782,Casa Azzurra Halloumi Aop Fromage Chypriote 200g,4.29,21.45,"['Produits Laitiers, Œufs et Fromages', 'Fromages à cuisiner, raclettes et apéritifs', 'Mozza, Feta et Burrata']",Casa azzurra,True,False,false,2.0,MONTH,200g,[],https://courses.monoprix.fr/images-v3/0c44253f-c4a3-4340-9d37-d41e42b9d14a/2ebbbc99-1e61-441b-aea2-198487d32ea9/300x300.jpg
"Produits Laitiers, Œufs et Fromages",72696a28-0573-40f4-8e2d-799043d798a9,MPX_2309748,"Président Le 3 Saveurs Râpé : Tomme, Emmental & Mozzarella 200g",3.75,18.75,"['Produits Laitiers, Œufs et Fromages', 'Fromages à cuisiner, raclettes et apéritifs', 'Fromages râpés']",PRESIDENT,True,False,false,3.0,WEEK,200g,[],https://courses.monoprix.fr/images-v3/0c44253f-c4a3-4340-9d37-d41e42b9d14a/c0a9e38f-698e-48c3-a514-87739432d332/300x300.jpg
"Produits Laitiers, Œufs et Fromages",0034e7a6-6eab-4ebb-a0d3-e7f37a4ae039,MPX_126807,Elle&vire Beurre Gastronomique Doux x16 Portions 200g,3.75,18.75,"['Produits Laitiers, Œufs et Fromages', 'Beurres et Margarines', 'Beurre doux']",Elle & Vire,True,False,false,2.0,WEEK,200g,[],https://courses.monoprix.fr/images-v3/0c44253f-c4a3-4340-9d37-d41e42b9d14a/7067a2c0-dbce-453b-ba8f-d7cac6a501a8/300x300.jpg
"Produits Laitiers, Œufs et Fromages",d85a6454-f73f-4aca-b59c-4122825fe852,MPX_2428318,Soignon Sainte Maure Fromage De Chèvre 200g,2.95,14.75,"['Produits Laitiers, Œufs et Fromages', 'Fromages à déguster, à la coupe', 'Chèvre et Brebis']",Soignon,True,False,false,2.0,WEEK,200g,[],https://courses.monoprix.fr/images-v3/0c44253f-c4a3-4340-9d37-d41e42b9d14a/5bb4e15e-f8a7-4fc1-9f7b-8bc33c4e9213/300x300.jpg
"Produits Laitiers, Œufs et Fromages",c0203896-0d37-4fd7-8c03-8b657eb3a4fb,MPX_1760801,Vrai Yaourt Au Lait De Brebis Nature Bio 2x125g,1.99,7.96,"['Bio', 'Crèmerie bio', 'Yaourt bio']",Vrai,True,False,false,1.0,WEEK,2 x 125g,['Produit bio'],https://courses.monoprix.fr/images-v3/0c44253f-c4a3-4340-9d37-d41e42b9d14a/08d1ac8f-6f6b-4b35-a949-8c00e8a69967/300x300.jpg
"Produits Laitiers, Œufs et Fromages",0f5d7d33-0073-420b-9d95-df01412eda11,MPX_3268507,Pom'potes compotes multi fruits bio 12x90g,10.9,10.09,"['Nos sélections', 'Boutique Enfants', 'Pour le goûter de vos enfants', 'Compote']",POM'POTES,True,False,false,2.0,MONTH,12 x 90g,"['Produit équitable', 'Produit bio']",https://courses.monoprix.fr/images-v3/0c44253f-c4a3-4340-9d37-d41e42b9d14a/a490dc91-bd79-4e19-84ba-6e7ee09f92cb/300x300.jpg
"Produits Laitiers, Œufs et Fromages",b52de5da-e118-461e-b402-416d236086e8,MPX_4079686,"Yoplait Calin Extra Fromage Blanc Nature 3,2% M.G. Pot 850g",2.89,3.4,"['Produits Laitiers, Œufs et Fromages', 'Yaourts', 'Fromages blancs et faisselles']",Calin,True,False,false,1.0,WEEK,850g,[],https://courses.monoprix.fr/images-v3/0c44253f-c4a3-4340-9d37-d41e42b9d14a/3da643c8-07bb-4f0a-b4b2-60e4fb47307e/300x300.jpg
"Produits Laitiers, Œufs et Fromages",d68a5a24-ce8a-484e-9103-aa3a29627424,MPX_2850213,Monoprix Bio Lait Entier Stérilisé Le Pack De 6X1L,9.89,1.65,"['Bio', 'Crèmerie bio', 'Lait bio']",Monoprix Bio,True,False,false,1.0,MONTH,6 x 1L,['Produit bio'],https://courses.monoprix.fr/images-v3/0c44253f-c4a3-4340-9d37-d41e42b9d14a/9e145b3d-4e27-4964-9cc1-66e60d13c7be/300x300.jpg
"Produits Laitiers, Œufs et Fromages",c8b09ff5-8866-4c02-849a-28df4e48d284,MPX_2862612,Activia Yaourt Nature Bifidus 12x125g,4.59,3.06,"['Produits Laitiers, Œufs et Fromages', 'Yaourts', 'Yaourts natures']",Activia,True,False,false,1.0,WEEK,12 x 125g,[],https://courses.monoprix.fr/images-v3/0c44253f-c4a3-4340-9d37-d41e42b9d14a/4a7677e7-00df-40db-bbb2-f3a652e7b1d1/300x300.jpg
"Produits Laitiers, Œufs et Fromages",de654d4c-b23f-49a1-9809-235e5c2982b6,MPX_2190638,Juraflore Comté Fort Des Rousses 15 mois 200g,5.99,29.95,"['Nos régions de France', 'Bourgogne Franche Comté', 'Franche Comté']",Juraflore,True,False,false,3.0,WEEK,200g,[],https://courses.monoprix.fr/images-v3/0c44253f-c4a3-4340-9d37-d41e42b9d14a/22faa06c-3a3d-4f6e-bfc7-ab8dd4d35625/300x300.jpg
"Produits Laitiers, Œufs et Fromages",45bc8562-2c7e-45a6-93ba-bd4ddbfaa522,MPX_1816817,Monoprix Bio compote pomme poire sans sucres ajoutés bio 4x100g,2.95,7.38,"['Nos sélections', 'Inspiration du moment', '& Frigo vide', 'Desserts et Yaourts']",Monoprix Bio,True,False,false,3.0,WEEK,400g,['Produit bio'],https://courses.monoprix.fr/images-v3/0c44253f-c4a3-4340-9d37-d41e42b9d14a/e623e2fb-e9eb-4c65-84c6-72b717057ab2/300x300.jpg
"Produits Laitiers, Œufs et Fromages",aebf4ed8-ba2d-47f0-aed5-d66ad18c9e33,MPX_64743,Candia - Grandlait - Lait frais entier de montagne - la bouteille de 2L,3.59,1.8,"['Boissons et Lait', 'Lait', 'Lait frais']",Grandlait,True,False,false,4.0,DAY,2L,[],https://courses.monoprix.fr/images-v3/0c44253f-c4a3-4340-9d37-d41e42b9d14a/690ff06e-ce3f-4604-8080-03cc73d2577c/300x300.jpg
"Produits Laitiers, Œufs et Fromages",dc1a2843-eb06-4048-85bb-2c75a520553a,MPX_6623628,Feta aop bio 150g,2.49,16.6,"['Bio', 'Crèmerie bio', 'Fromage bio']",NO NAME,True,False,false,1.0,MONTH,150g,['Produit bio'],https://courses.monoprix.fr/images-v3/0c44253f-c4a3-4340-9d37-d41e42b9d14a/57995cce-33a9-4de8-a42e-96227a2dbc98/300x300.jpg
"Produits Laitiers, Œufs et Fromages",9630a069-9bb1-4c65-94fc-1bcdaf6f6612,MPX_3778648,Siggi's Skyr 0% Mg Nature 1x450g,3.75,8.33,"['Nos sélections', 'Inspiration du moment', '& Sélection petit déjeuner', 'Produits laitiers et œufs']",Siggi's,True,False,false,1.0,WEEK,450g,[],https://courses.monoprix.fr/images-v3/0c44253f-c4a3-4340-9d37-d41e42b9d14a/95bdae08-fe32-471c-b20c-7c530f1744a9/300x300.jpg
"Produits Laitiers, Œufs et Fromages",f3ccfe46-7aec-4958-96a9-b3a9eff9edc7,MPX_1246349,Loué Œuf Moyen X12,5.65,0.47,"['Nos régions de France', 'Pays de la Loire', 'Les marques de la région']",Lou{!-- --,True,False,false,1.0,WEEK,12 par pack,[],https://courses.monoprix.fr/images-v3/0c44253f-c4a3-4340-9d37-d41e42b9d14a/a99700a8-7501-4a30-8338-272b8ac7d7ed/300x300.jpg
"Produits Laitiers, Œufs et Fromages",2d11f52b-25a3-4cfe-bd03-bad21bf5ed2e,MPX_3717553,"Monoprix Bio Purée De Pommes, Sans Sucres Ajoutés 560g",3.49,6.23,"['Nos sélections', 'Inspiration du moment', '& Sélection petit déjeuner', 'Epicerie sucrée']",Monoprix Bio Origines,True,False,false,1.0,YEAR,560g,['Produit bio'],https://courses.monoprix.fr/images-v3/0c44253f-c4a3-4340-9d37-d41e42b9d14a/693b9984-c313-4a30-95b8-2eea9b444052/300x300.jpg
"Produits Laitiers, Œufs et Fromages",cabc1373-b1f5-491d-90d1-ef34d07884c8,MPX_2469529,Kiri Fromage fondu à la crème 24 portions 432 g,5.79,13.4,"['Nos sélections', 'Boutique Enfants', 'Repas facile pour les enfants', 'Dessert']",KIRI,True,False,false,3.0,WEEK,432g,[],https://courses.monoprix.fr/images-v3/0c44253f-c4a3-4340-9d37-d41e42b9d14a/3511cb7d-1eda-4103-9994-e0fe432f1411/300x300.jpg
"Produits Laitiers, Œufs et Fromages",21668a39-1d99-4666-8303-655f7c86f62d,MPX_3033163,Monoprix Gourmet Parmigiano Reggiano 200g,6.54,31.9,"['Produits du monde', 'Italie - Italia', 'Mozzarella, Parmesan, Burrata et Ricotta']",Monoprix Gourmet,True,False,false,1.0,WEEK,205,[],https://courses.monoprix.fr/images-v3/0c44253f-c4a3-4340-9d37-d41e42b9d14a/d7150a9a-fce4-45c4-823d-79c75ee2f4a0/300x300.jpg
"Produits Laitiers, Œufs et Fromages",9d7e597b-d27e-4564-98f4-4351386f52b1,MPX_3033162,Monoprix Gourmet Di Bufala Campana 125G,2.49,19.92,"['Produits du monde', 'Italie - Italia', 'Mozzarella, Parmesan, Burrata et Ricotta']",Monoprix Gourmet,True,False,false,1.0,WEEK,125g,[],https://courses.monoprix.fr/images-v3/0c44253f-c4a3-4340-9d37-d41e42b9d14a/a62cf732-02fb-40ea-8a17-8ead3fedbac8/300x300.jpg
"Produits Laitiers, Œufs et Fromages",33e933fd-febd-46a7-bce4-30ec1cd89971,MPX_3430293,Monoprix bio gouda en tranches bio x8 tranches 200g,3.99,19.95,"['Bio', 'Crèmerie bio', 'Fromage bio']",Monoprix Bio,True,False,false,3.0,WEEK,200g,[],https://courses.monoprix.fr/images-v3/0c44253f-c4a3-4340-9d37-d41e42b9d14a/ab5d71f4-9e02-4bce-8bac-e01eb01b8ec2/300x300.jpg
"Produits Laitiers, Œufs et Fromages",6a31bb93-eac9-42d0-a76d-c3c61805d3e6,MPX_64056,Gervita Fromage Blanc Mousse Nature 4x100g,2.29,5.73,"['Produits Laitiers, Œufs et Fromages', 'Yaourts', 'Yaourts natures']",Gervita,True,False,false,1.0,WEEK,400g,[],https://courses.monoprix.fr/images-v3/0c44253f-c4a3-4340-9d37-d41e42b9d14a/28d14d61-654b-4b8d-8593-808f28f03714/300x300.jpg
"Produits Laitiers, Œufs et Fromages",df82761e-b1c4-47d7-a202-1bc93887d475,MPX_5227089,Siggi's Skyr 2% Mg Mangue Passion 2x140g,2.99,10.68,"['Nos sélections', 'Inspiration du moment', '& Sélection petit déjeuner', 'Produits laitiers et œufs']",Siggi's,True,False,false,1.0,WEEK,2 x 140g,[],https://courses.monoprix.fr/images-v3/0c44253f-c4a3-4340-9d37-d41e42b9d14a/741c16fc-5a29-4fca-b24c-b2efa7c1896c/300x300.jpg
"Produits Laitiers, Œufs et Fromages",81ecc24b-fbb7-4a75-bb07-fa42a5c98f8e,MPX_1119421,Mamie Nova Yaourt Noix De Coco 2x150g,1.79,5.97,"['Produits Laitiers, Œufs et Fromages', 'Yaourts', 'Yaourts aromatisés et aux fruits']",Mamie nova,True,False,false,1.0,WEEK,2 x 150g,[],https://courses.monoprix.fr/images-v3/0c44253f-c4a3-4340-9d37-d41e42b9d14a/54810728-b5a3-4011-91f3-8a883192a383/300x300.jpg
"Produits Laitiers, Œufs et Fromages",13e4c1cd-1ef4-4b80-badb-6e932b931bd0,MPX_6616933,Pom'potes compotes gourdes bio multivariétés 12x 90g,8.59,7.95,"['Produits Laitiers, Œufs et Fromages', 'Desserts', 'Desserts pour enfants']",Pom'Potes,True,False,false,2.0,MONTH,12 x 90g,['Produit bio'],https://courses.monoprix.fr/images-v3/0c44253f-c4a3-4340-9d37-d41e42b9d14a/21eab897-68de-487f-bce9-0152a97e38a6/300x300.jpg
"Produits Laitiers, Œufs et Fromages",45c1f3c6-93dc-471a-b6be-7a8445bcc31e,MPX_1111607,Monoprix Bio beurre moule demi-sel 250g,3.85,15.4,"['Bio', 'Crèmerie bio', 'Beurre bio']",Monoprix Bio,True,False,false,3.0,WEEK,250g,['Produit bio'],https://courses.monoprix.fr/images-v3/0c44253f-c4a3-4340-9d37-d41e42b9d14a/ff089466-7106-4094-bfd0-f001b678480d/300x300.jpg
"Produits Laitiers, Œufs et Fromages",5c188e4c-b261-4d8f-87f7-02af3a67ca32,MPX_3622935,Nestlé La Laitière Riz Au Lait Vanille 4x115g,2.09,4.54,"['Produits Laitiers, Œufs et Fromages', 'Desserts', 'Flan, Riz et Semoules']",La laitière,True,False,false,1.0,WEEK,4 x 115g,[],https://courses.monoprix.fr/images-v3/0c44253f-c4a3-4340-9d37-d41e42b9d14a/6216aae0-4102-4a9a-ab65-2d948b4a507f/300x300.jpg
"Produits Laitiers, Œufs et Fromages",f53fdfc0-0549-4772-891d-f16f73365829,MPX_2120324,Monoprix Bio Yaourts Citron au Lait Entier 4 x 125g,1.69,3.38,"['Bio', 'Crèmerie bio', 'Yaourt bio']",Monoprix Bio,True,False,false,1.0,WEEK,4 x 125g,[],https://courses.monoprix.fr/images-v3/0c44253f-c4a3-4340-9d37-d41e42b9d14a/61b2e2c5-c25d-41db-895f-076fdebd76bc/300x300.jpg
"Produits Laitiers, Œufs et Fromages",5d9241d1-5b2f-4e02-8ae6-4d3779190ac0,MPX_2823148,Yoplait Calin Extra Fromage Blanc Nature 0% M.G. Pot 850g,2.89,3.4,"['Produits Laitiers, Œufs et Fromages', 'Yaourts', 'Fromages blancs et faisselles']",Calin,True,False,false,1.0,WEEK,850g,[],https://courses.monoprix.fr/images-v3/0c44253f-c4a3-4340-9d37-d41e42b9d14a/ec608c5d-6cdc-47e5-81e4-65b4014f8a86/300x300.jpg
"Produits Laitiers, Œufs et Fromages",6df2215c-77dc-4c83-bed1-8c16faecdfb6,MPX_1241598,Monoprix Tiramisu au Mascarpone 2x80g,1.99,12.44,"['Produits Laitiers, Œufs et Fromages', 'Desserts', 'Desserts Pâtissiers et Spécialités']",Monoprix,True,False,false,1.0,WEEK,2 x 80g,[],https://courses.monoprix.fr/images-v3/0c44253f-c4a3-4340-9d37-d41e42b9d14a/9dd0b3d4-0226-4649-a34c-d8e9799e323f/300x300.jpg
"Produits Laitiers, Œufs et Fromages",dd68ec0c-fff1-4eaf-982f-9ff41ff82056,MPX_2675609,Monoprix Bio Lait Demi-Écrémé Stérilisé Uht 6X50Cl,5.35,1.78,"['Bio', 'Crèmerie bio', 'Lait bio']",Monoprix Bio,True,False,false,1.0,MONTH,6 x 50cl,['Produit bio'],https://courses.monoprix.fr/images-v3/0c44253f-c4a3-4340-9d37-d41e42b9d14a/4ee51eb4-05c5-496a-90f1-d2f5a66d8af3/300x300.jpg
"Produits Laitiers, Œufs et Fromages",0069ed31-41b1-4123-9c3a-1893731a056d,MPX_3194614,Andros Yaourt Végétal Au Lait De Coco 400g,2.89,7.23,"['Produits Laitiers, Œufs et Fromages', 'Yaourts', 'Yaourts natures']",Andros,True,False,false,1.0,WEEK,4 x 100g,['Produit vegan'],https://courses.monoprix.fr/images-v3/0c44253f-c4a3-4340-9d37-d41e42b9d14a/1ed1d906-98a8-4878-9adb-3e712d9412b3/300x300.jpg
"Produits Laitiers, Œufs et Fromages",056ff394-cd89-4104-9a26-7040d7814306,MPX_2949582,Wyke farms tranche de cheddar mature x8 tranches 160g,3.29,20.56,"['Produits du monde', 'Royaume-Uni - UK', 'Chips, Fromages, Sauces et Autres']",Wyke Farms,True,False,false,2.0,WEEK,160g,[],https://courses.monoprix.fr/images-v3/0c44253f-c4a3-4340-9d37-d41e42b9d14a/5fa5f54f-eafe-4234-875a-06cc4807f061/300x300.jpg
"Produits Laitiers, Œufs et Fromages",2f5f0164-20de-419a-b301-3de11943901f,MPX_568668,"Elle & Vire Crème Fraîche Fluide Et Entière, Stérilisée Uht 25 Cl",1.99,7.96,"['Produits Laitiers, Œufs et Fromages', 'Crèmes et Chantilly', 'Crème longue conservation']",Elle & Vire,True,False,false,1.0,MONTH,250ml,[],https://courses.monoprix.fr/images-v3/0c44253f-c4a3-4340-9d37-d41e42b9d14a/c8279a33-0861-4411-bbca-8ae2253c6b00/300x300.jpg
"Produits Laitiers, Œufs et Fromages",2007a0e3-3840-42f2-bcd3-e5628e7e33b9,MPX_3536940,Mavrommatis Paris Yaourt Grec Nature 500g,3.49,6.98,"['Nos sélections', 'Inspiration du moment', '& Le Coin du marché', 'Produits laitiers et oeufs']",MAVROMMATIS,True,False,false,2.0,WEEK,500g,[],https://courses.monoprix.fr/images-v3/0c44253f-c4a3-4340-9d37-d41e42b9d14a/3db8d0db-5081-41b1-9a5f-660153a823a4/300x300.jpg
"Produits Laitiers, Œufs et Fromages",e27a4c32-07a1-4d44-8121-97460dc6d9e1,MPX_2234196,Monoprix Lait UHT entier 6x1L,7.99,1.33,"['Boissons et Lait', 'Lait', 'Lait UHT entier']",Monoprix,True,False,false,1.0,MONTH,6 x 1L,[],https://courses.monoprix.fr/images-v3/0c44253f-c4a3-4340-9d37-d41e42b9d14a/23edf555-5400-4b7e-96ee-36968f3c181f/300x300.jpg
"Produits Laitiers, Œufs et Fromages",eb810558-ef04-4c5b-8fbc-f2e673042d6d,MPX_127274,Monoprix Crème fluide entière 30% MG 3X20CL,3.19,5.32,"['Nos sélections', 'Inspiration du moment', 'Nos coups de coeur Origine France']",Monoprix,True,False,false,1.0,MONTH,600ml,[],https://courses.monoprix.fr/images-v3/0c44253f-c4a3-4340-9d37-d41e42b9d14a/4be94aa5-4264-4149-90b3-b3a4c7d03363/300x300.jpg
"Produits Laitiers, Œufs et Fromages",21c40ded-8850-4d3e-865a-fa03cfaf6d76,MPX_2482482,St Môret Le Goût Primeur Léger 8% M.G.. Barquette 150g,3.75,25.0,"['Produits Laitiers, Œufs et Fromages', 'Fromages à cuisiner, raclettes et apéritifs', 'Fromages à tartiner']",St Môret,True,False,false,2.0,WEEK,150g,[],https://courses.monoprix.fr/images-v3/0c44253f-c4a3-4340-9d37-d41e42b9d14a/af2ae74e-11ac-490f-a460-6c1c67a23278/300x300.jpg
"Produits Laitiers, Œufs et Fromages",dc108fad-15d5-4fe6-bd86-4a9a1ffdb366,MPX_3304557,Nestlté Yaos Yaourt À La Grecque Stracciatella 4x125g,3.59,7.18,"['Produits Laitiers, Œufs et Fromages', 'Yaourts', 'Yaourts aromatisés et aux fruits']",Yaos,True,False,false,1.0,WEEK,4 x 125g,[],https://courses.monoprix.fr/images-v3/0c44253f-c4a3-4340-9d37-d41e42b9d14a/408e8444-f05b-43b9-ae6f-e976b9407fc9/300x300.jpg
"Produits Laitiers, Œufs et Fromages",93006525-37bb-4dd2-980f-4c7e763d6363,MPX_1860246,Monoprix Bio Yaourt de brebis à la grecque bio 2x150g,2.35,7.83,"['Bio', 'Crèmerie bio', 'Yaourt bio']",Monoprix Bio,True,False,false,1.0,WEEK,2 x 150g,[],https://courses.monoprix.fr/images-v3/0c44253f-c4a3-4340-9d37-d41e42b9d14a/40bfc005-3c85-40b1-a427-9f297daf2de0/300x300.jpg
"Produits Laitiers, Œufs et Fromages",5747ba93-fc97-48c5-9aee-0d5c14f37675,MPX_1822388,Bridélice Crème Uht Semi-épaisse Légère 18% Mg Briques 3x20cl,3.45,5.75,"['Produits Laitiers, Œufs et Fromages', 'Crèmes et Chantilly', 'Crème longue conservation']",Bridélice,True,False,false,1.0,MONTH,600ml,[],https://courses.monoprix.fr/images-v3/0c44253f-c4a3-4340-9d37-d41e42b9d14a/1c3d5316-8a3e-4ad9-9698-baa2a77f28b4/300x300.jpg
"Produits Laitiers, Œufs et Fromages",4a66335d-018b-4170-93e5-80a6e3a62412,MPX_64756,Mamie Nova Yaourt À La Pêche Jaune 2x150g,1.79,5.97,"['Produits Laitiers, Œufs et Fromages', 'Yaourts', 'Yaourts aromatisés et aux fruits']",Mamie nova,True,False,false,1.0,WEEK,2 x 150g,[],https://courses.monoprix.fr/images-v3/0c44253f-c4a3-4340-9d37-d41e42b9d14a/e6816e59-7f86-4d57-a9e1-0a293bbdcfba/300x300.jpg
"Produits Laitiers, Œufs et Fromages",465385e8-da58-4f0b-a90f-6e762d296bb9,MPX_123284,Monoprix Crème fraîche 30%matiere grasse 20cl,1.09,5.45,"['Nos sélections', 'Inspiration du moment', 'Nos coups de coeur Origine France']",Monoprix,True,False,false,1.0,WEEK,200ml,[],https://courses.monoprix.fr/images-v3/0c44253f-c4a3-4340-9d37-d41e42b9d14a/7ec25a35-a4d0-486a-923e-3c00976c6a51/300x300.jpg
"Produits Laitiers, Œufs et Fromages",cc5f7db4-dcc5-4afb-9203-a8b403f8883d,MPX_1895517,Monoprix bio yaourt nature 0% le pack de 4x125g,1.39,2.78,"['Bio', 'Crèmerie bio', 'Yaourt bio']",Monoprix Bio,True,False,false,1.0,WEEK,4 x 125g,['Produit bio'],https://courses.monoprix.fr/images-v3/0c44253f-c4a3-4340-9d37-d41e42b9d14a/bef9d90d-b6da-4156-9697-fa2bdff94856/300x300.jpg
"Produits Laitiers, Œufs et Fromages",e2d21031-acca-4b65-827c-31d65fe5bf12,MPX_3476482,Charles & Alice Dessert pomme framboise sans sucres ajoutés 4x100g,2.19,5.48,"['Produits Laitiers, Œufs et Fromages', 'Desserts', 'Compotes fraîches']",Charles & Alice,True,False,false,1.0,MONTH,4 x 100g,[],https://courses.monoprix.fr/images-v3/0c44253f-c4a3-4340-9d37-d41e42b9d14a/7bfb560e-1379-4698-89bd-c49be43a60dd/300x300.jpg
"Produits Laitiers, Œufs et Fromages",bdea5cea-2339-4c65-8165-e28d59c79b6a,MPX_811339,Leerdammer Le Léger Tranches x8 200g,4.49,22.45,"['Produits Laitiers, Œufs et Fromages', 'Fromages à cuisiner, raclettes et apéritifs', 'Fromages en tranches']",LEERDAMMER,True,False,false,4.0,WEEK,200g,['Produit végétarien'],https://courses.monoprix.fr/images-v3/0c44253f-c4a3-4340-9d37-d41e42b9d14a/76f2ef3d-82ab-491d-b8fa-bf4469f70b99/300x300.jpg
"Produits Laitiers, Œufs et Fromages",c3810a1e-8fc7-4a73-805a-ab820fbfe368,MPX_1116797,Candia - Grandlait - Lait demi écrémé -le pack de 4x 50cl,4.59,2.3,"['Boissons et Lait', 'Lait', 'Lait UHT demi-écrémé']",Grandlait,True,False,false,4.0,WEEK,4 x 50cl,[],https://courses.monoprix.fr/images-v3/0c44253f-c4a3-4340-9d37-d41e42b9d14a/153416dd-410b-4957-8024-5163ee235f4a/300x300.jpg
"Produits Laitiers, Œufs et Fromages",31a1b97b-5333-46f3-8e08-0d6d69902da7,MPX_3291879,Soignon Chèvres Chauds Prêt À Dorer 4x25g,2.99,29.9,"['Epicerie Salée', 'Produit apéritif', 'Fromage apéritif']",Soignon,True,False,false,2.0,WEEK,100g,[],https://courses.monoprix.fr/images-v3/0c44253f-c4a3-4340-9d37-d41e42b9d14a/e0afda11-cb9c-4674-9851-c112d9aacb17/300x300.jpg
"Produits Laitiers, Œufs et Fromages",f9921e7b-5da9-4d2d-85bd-df8b4b592314,MPX_2222974,Lactel Lait Demi-Écrémé Bio 6x25cl,6.49,4.33,"['Bio', 'Crèmerie bio', 'Lait bio']",Lactel,True,False,false,4.0,WEEK,6 x 25cl,['Produit bio'],https://courses.monoprix.fr/images-v3/0c44253f-c4a3-4340-9d37-d41e42b9d14a/ed0f3d94-2867-4a75-a151-71ef176fd4f0/300x300.jpg
"Produits Laitiers, Œufs et Fromages",00600c01-a006-450d-8edd-d0e1ff9db8a3,MPX_154471,Président Beurre Tendre Demi Sel 250g,3.79,15.16,"['Produits Laitiers, Œufs et Fromages', 'Beurres et Margarines', 'Beurre demi-sel']",PRESIDENT,True,False,false,2.0,WEEK,250g,[],https://courses.monoprix.fr/images-v3/0c44253f-c4a3-4340-9d37-d41e42b9d14a/47b2e9a0-cbb1-4c3f-a388-d9d3207ac5b4/300x300.jpg
"Produits Laitiers, Œufs et Fromages",6ee1fa61-1068-43ea-bde3-e2a9e02acf98,MPX_3513802,Siggi's Skyr 0% Mg Nature 2x140g,2.89,10.32,"['Produits Laitiers, Œufs et Fromages', 'Yaourts', 'Skyr']",Siggi's,True,False,false,2.0,WEEK,2 x 140g,[],https://courses.monoprix.fr/images-v3/0c44253f-c4a3-4340-9d37-d41e42b9d14a/101380e5-446d-493f-9a81-533384ebe0d4/300x300.jpg
"Produits Laitiers, Œufs et Fromages",fe20666b-c7f9-4247-a268-59e6fed553dc,MPX_1243949,Monoprix Gourmet Parmigiano Reggiano env. 170/180g,6.36,34.39,"['Produits du monde', 'Italie - Italia', 'Mozzarella, Parmesan, Burrata et Ricotta']",Monoprix Gourmet,True,False,false,4.0,WEEK,185,[],https://courses.monoprix.fr/images-v3/0c44253f-c4a3-4340-9d37-d41e42b9d14a/5fec6d4a-12fd-4482-be70-fe0a009f40f1/300x300.jpg
"Produits Laitiers, Œufs et Fromages",8430e219-9271-4a44-90a4-6dfb0c5445b0,MPX_2091462,"Monoprix Bio Crème entière UHT, 30% M.G 3x20cl",5.35,8.92,"['Bio', 'Crèmerie bio', 'Crème bio']",Monoprix Bio,True,False,false,1.0,MONTH,3 x 20cl,['Produit bio'],https://courses.monoprix.fr/images-v3/0c44253f-c4a3-4340-9d37-d41e42b9d14a/63020549-cd11-4cb5-b422-877dea290878/300x300.jpg
"Produits Laitiers, Œufs et Fromages",4671aded-f834-4d13-9d5d-fb3c95d0654e,MPX_64757,Mamie Nova Yaourts Cerises Griottes 2x150g,1.79,5.97,"['Produits Laitiers, Œufs et Fromages', 'Yaourts', 'Yaourts aromatisés et aux fruits']",Mamie nova,True,False,false,1.0,WEEK,2 x 150g,[],https://courses.monoprix.fr/images-v3/0c44253f-c4a3-4340-9d37-d41e42b9d14a/7e99ac66-d094-44ee-9bc5-9d8955fcc3ee/300x300.jpg
"Produits Laitiers, Œufs et Fromages",fd4cf15b-0739-468d-90cc-7ffe04dfb092,MPX_3513796,Gervais Petits Suisses Nature 9.5% Mg 6X60G,2.09,5.81,"['Produits Laitiers, Œufs et Fromages', 'Yaourts', 'Yaourts pour enfants']",Gervais,True,False,false,1.0,WEEK,360g,[],https://courses.monoprix.fr/images-v3/0c44253f-c4a3-4340-9d37-d41e42b9d14a/b53bc760-ff10-4449-853d-f2c8e6d5d09c/300x300.jpg
"Produits Laitiers, Œufs et Fromages",2f70917e-8a86-4eff-b5a7-6889eaed33be,MPX_1773171,"Monoprix Bio Pot de Fromage Blanc 3,2%500g",2.29,4.58,"['Bio', 'Crèmerie bio', 'Yaourt bio']",Monoprix Bio,True,False,false,1.0,WEEK,500g,['Produit bio'],https://courses.monoprix.fr/images-v3/0c44253f-c4a3-4340-9d37-d41e42b9d14a/81aa2256-7eb1-482d-8784-69417ae349ab/300x300.jpg
"Produits Laitiers, Œufs et Fromages",c917a710-93a5-46ae-8f3d-227216b2d003,MPX_3070244,La Fermière Riz Au Lait À La Vanille De Madagascar 2x160g,2.89,9.03,"['Produits Laitiers, Œufs et Fromages', 'Desserts', 'Flan, Riz et Semoules']",La fermière,True,False,false,1.0,WEEK,320g,[],https://courses.monoprix.fr/images-v3/0c44253f-c4a3-4340-9d37-d41e42b9d14a/c75fd13a-1bed-47f9-8b5c-b81854db9b5c/300x300.jpg
"Produits Laitiers, Œufs et Fromages",73cd6c98-f62e-4770-96e7-dbacc5cecb09,MPX_2308238,Danette Liégeois chocolat 4x100g,1.99,4.98,"['Produits Laitiers, Œufs et Fromages', 'Desserts', 'Crèmes desserts']",Danette,True,False,false,1.0,WEEK,4 x 100g,[],https://courses.monoprix.fr/images-v3/0c44253f-c4a3-4340-9d37-d41e42b9d14a/6dff362a-491a-4133-872a-596b5474465c/300x300.jpg
"Produits Laitiers, Œufs et Fromages",4fc25d47-ecd4-4dc1-afd7-bb14258c02bd,MPX_3057404,Charles & Alice dessert Pomme/Passion 4x97g,2.19,5.64,"['Produits Laitiers, Œufs et Fromages', 'Desserts', 'Compotes fraîches']",Charles & Alice,True,False,false,1.0,MONTH,4 x 97g,[],https://courses.monoprix.fr/images-v3/0c44253f-c4a3-4340-9d37-d41e42b9d14a/12155515-e294-47fb-b476-bc290bb8d43d/300x300.jpg
"Produits Laitiers, Œufs et Fromages",e074caec-2f1a-4175-be02-6f070e627417,MPX_2174081,Jockey Fromage Blanc Stracciatella 4x120g,2.59,5.4,"['Produits Laitiers, Œufs et Fromages', 'Yaourts', 'Yaourts aromatisés et aux fruits']",Danone,True,False,false,1.0,WEEK,4 x 120g,[],https://courses.monoprix.fr/images-v3/0c44253f-c4a3-4340-9d37-d41e42b9d14a/b5dd46d9-1d15-4bb3-9db2-f41709e998d2/300x300.jpg
"Produits Laitiers, Œufs et Fromages",407ec74f-1b8c-4287-90f9-c87f6e21ec82,MPX_656430,Président Burger Cheddar Et Emmental x12 Tranches 200g,1.99,9.95,"['Produits Laitiers, Œufs et Fromages', 'Fromages à cuisiner, raclettes et apéritifs', 'Fromages en tranches']",Président,True,False,false,1.0,MONTH,200g,[],https://courses.monoprix.fr/images-v3/0c44253f-c4a3-4340-9d37-d41e42b9d14a/366ef6ec-7469-4a3b-8c07-ac0490ba345a/300x300.jpg
"Produits Laitiers, Œufs et Fromages",2dcd65da-c703-44af-8fd6-9c627a4faf78,MPX_3114227,Monoprix Bio Compote pomme banane sans sucres ajoutés Dès 5 mois 4x100g,2.15,5.38,"['Bébé', 'Bébé bio', 'Dessert aux Fruits et Lacté bio', 'Dessert aux Fruits bio']",Monoprix Bio,True,False,false,2.0,MONTH,4 x 100g,['Produit bio'],https://courses.monoprix.fr/images-v3/0c44253f-c4a3-4340-9d37-d41e42b9d14a/6399db2d-4af6-4272-bf60-c25fa54d429e/300x300.jpg
"Produits Laitiers, Œufs et Fromages",8906ee3a-61e5-4562-a153-b4a8c9ba3f82,MPX_2651848,St Moret fromage à tartiner nature 300g,4.25,14.17,"['Produits Laitiers, Œufs et Fromages', 'Fromages à cuisiner, raclettes et apéritifs', 'Fromages à tartiner']",St Moret,True,False,false,2.0,WEEK,300g,['Produit végétarien'],https://courses.monoprix.fr/images-v3/0c44253f-c4a3-4340-9d37-d41e42b9d14a/815d1b80-3a95-4ff3-96ac-ccd074562edf/300x300.jpg
"Produits Laitiers, Œufs et Fromages",c8d0ebab-b14b-47b1-8c47-c4c7056cb803,MPX_896020,Elle & Vire Carré Frais Nature 0% 8 Portions x25g,3.15,15.75,"['Produits Laitiers, Œufs et Fromages', 'Fromages à déguster, à la coupe', 'Fromages enfants et portions individuelles']",Carré frais,True,False,false,1.0,WEEK,200g,[],https://courses.monoprix.fr/images-v3/0c44253f-c4a3-4340-9d37-d41e42b9d14a/80be2e58-19b1-4661-9cde-a200aa88ff2f/300x300.jpg
"Produits Laitiers, Œufs et Fromages",f63ce290-c341-4d86-96b6-72dbc410d32d,MPX_178419,Malo Yaourt nature pot carton 4x125g,1.99,3.98,"['Produits Laitiers, Œufs et Fromages', 'Yaourts', 'Yaourts natures']",Malo,True,False,false,1.0,WEEK,4 x 125g,[],https://courses.monoprix.fr/images-v3/0c44253f-c4a3-4340-9d37-d41e42b9d14a/707de787-39f3-4a40-b72a-ece81494342c/300x300.jpg
"Produits Laitiers, Œufs et Fromages",8ac0f5b9-e8e7-4a6b-9f69-555543349adc,MPX_2120402,Philadelphia Original Goût Frais Et Crémeux XL 300g,3.99,13.3,"['Produits Laitiers, Œufs et Fromages', 'Fromages à cuisiner, raclettes et apéritifs', 'Fromages à tartiner']",Philadelphia,True,False,false,1.0,MONTH,300g,[],https://courses.monoprix.fr/images-v3/0c44253f-c4a3-4340-9d37-d41e42b9d14a/964c6228-17ae-42a3-8a5b-48bcf53fdc7d/300x300.jpg
"Produits Laitiers, Œufs et Fromages",a81a354c-814c-4f5c-9d0b-fe9f018a58dd,MPX_1803485,Light & Free Fromage Blanc Saveur Vanille Allégé 0% 4x120g,2.65,5.52,"['Produits Laitiers, Œufs et Fromages', 'Yaourts', 'Yaourts aromatisés et aux fruits']",Light & Free,True,False,false,1.0,WEEK,4 x 120g,[],https://courses.monoprix.fr/images-v3/0c44253f-c4a3-4340-9d37-d41e42b9d14a/92b19556-95a4-4490-9799-b65bbbea1371/300x300.jpg
"Produits Laitiers, Œufs et Fromages",bb25c5dc-9372-4230-b1f0-74ce07de6ddb,MPX_1815740,Monoprix Fromage Blanc Nature 0% 800g,2.49,3.11,"['Nos sélections', 'Inspiration du moment', 'Nos coups de coeur Origine France']",Monoprix,True,False,false,1.0,WEEK,800g,[],https://courses.monoprix.fr/images-v3/0c44253f-c4a3-4340-9d37-d41e42b9d14a/3c15b2c6-481e-47a5-ba8b-1f6fbb2c47de/300x300.jpg
"Produits Laitiers, Œufs et Fromages",e409ac60-0cca-4e0b-a72d-023ae6b25aa5,MPX_1821006,Monoprix Mascarpone 250g,1.79,7.16,"['Produits du monde', 'Italie - Italia', 'Mozzarella, Parmesan, Burrata et Ricotta']",Monoprix,True,False,false,2.0,WEEK,250g,[],https://courses.monoprix.fr/images-v3/0c44253f-c4a3-4340-9d37-d41e42b9d14a/7b2bedd4-832e-42ae-b5a3-40729632f823/300x300.jpg
"Produits Laitiers, Œufs et Fromages",88d1be49-efd4-44f6-9eb4-6a22cc63bd33,MPX_1540077,Lactel Lait Vitaminé Demi-Écrémé 6x1L,8.49,1.42,"['Boissons et Lait', 'Lait', 'Lait UHT demi-écrémé']",Lactel,True,False,false,4.0,WEEK,6 x 1L,[],https://courses.monoprix.fr/images-v3/0c44253f-c4a3-4340-9d37-d41e42b9d14a/5f1f9889-5e9a-4c52-97c2-81a637d1dca6/300x300.jpg
"Produits Laitiers, Œufs et Fromages",37db1879-40c8-4c2f-b63b-0dd0a440274c,MPX_3766392,Atelier blini recette fouetée au fromage frais échalotte et ciboulette 140g,3.89,27.79,"['Epicerie Salée', 'Produit apéritif', 'Tartinable et Produit de la Mer', 'Tapenade et Autre Tartinable']",Atelier blini,True,False,false,1.0,WEEK,140g,[],https://courses.monoprix.fr/images-v3/0c44253f-c4a3-4340-9d37-d41e42b9d14a/ba32ee62-6d18-4878-9a82-961841198f7b/300x300.jpg
"Produits Laitiers, Œufs et Fromages",6c132879-525c-4816-b7a6-1a130ada19f6,MPX_4123130,La Vache Qui Rit 12 Portions Original 192g,2.75,14.32,"['Produits Laitiers, Œufs et Fromages', 'Fromages à déguster, à la coupe', 'Fromages enfants et portions individuelles']",La Vache qui Rit,True,False,false,1.0,MONTH,192g,[],https://courses.monoprix.fr/images-v3/0c44253f-c4a3-4340-9d37-d41e42b9d14a/c194b44b-c5cd-44ce-b782-5a80409d82f2/300x300.jpg
"Produits Laitiers, Œufs et Fromages",4f552af3-8003-4163-89e7-edf061b70168,MPX_2586727,Bonne Maman Mousse Au Chocolat Noir 70% Intense 4x50g,2.85,14.25,"['Produits Laitiers, Œufs et Fromages', 'Desserts', 'Mousses et Liégeois']",Bonne maman,True,False,false,1.0,WEEK,4 x 50g,[],https://courses.monoprix.fr/images-v3/0c44253f-c4a3-4340-9d37-d41e42b9d14a/9da96cb3-e0bf-451b-bf48-6ada9edd1c39/300x300.jpg
"Produits Laitiers, Œufs et Fromages",cee3768d-5b65-4ac3-94b1-7a4c90620fa9,MPX_1252522,Monoprix Fromage À Raclettes En Tranches 2-3 Personnes 400G,4.09,10.23,"['Nos sélections', 'Inspiration du moment', 'Nos coups de coeur Origine France']",Monoprix,True,False,false,2.0,WEEK,400g,[],https://courses.monoprix.fr/images-v3/0c44253f-c4a3-4340-9d37-d41e42b9d14a/6a2345fd-b7de-469d-bb89-31c5b589d44f/300x300.jpg
"Produits Laitiers, Œufs et Fromages",f4b62e8d-ff39-45fa-a54a-666c761b4e05,MPX_5094662,Charles & Alice Compote Pommes Fraises Sans Sucres Ajoutés 4x 100g,2.19,5.48,"['Produits Laitiers, Œufs et Fromages', 'Desserts', 'Compotes fraîches']",Charles & Alice,True,False,false,1.0,MONTH,400g,[],https://courses.monoprix.fr/images-v3/0c44253f-c4a3-4340-9d37-d41e42b9d14a/23f2a423-ece0-42fa-9470-70b034fcdd54/300x300.jpg
"Produits Laitiers, Œufs et Fromages",b8c51c22-a0f3-4c47-9c0d-30219088c1e7,MPX_2521947,Perle de lait vanille yaourt brassé pots 8x125g,4.09,4.09,"['Produits Laitiers, Œufs et Fromages', 'Yaourts', 'Yaourts aromatisés et aux fruits']",Yoplait,True,False,false,1.0,WEEK,8 x 125g,[],https://courses.monoprix.fr/images-v3/0c44253f-c4a3-4340-9d37-d41e42b9d14a/129a8120-3046-4ff6-92af-18b5843599b2/300x300.jpg
"Produits Laitiers, Œufs et Fromages",4b04990f-75ad-4ff2-9a1f-c050bf391ab8,MPX_2135323,Monoprix Bio fromages frais aux fruits 12x50g,2.89,4.82,"['Bio', 'Crèmerie bio', 'Yaourt bio']",Monoprix Bio,True,False,false,1.0,WEEK,12 x 50g,[],https://courses.monoprix.fr/images-v3/0c44253f-c4a3-4340-9d37-d41e42b9d14a/c7e3a08d-d217-4514-b66f-ae3f057ef35b/300x300.jpg
"Produits Laitiers, Œufs et Fromages",679be4a4-3a34-42ca-a04f-e7a9ac302175,MPX_1559543,Monoprix Gourmet Cantal AOP 200g,3.49,17.45,"['Nos sélections', 'Inspiration du moment', 'Sélection Charcuterie et Fromage']",Monoprix Gourmet,True,False,false,2.0,WEEK,200g,[],https://courses.monoprix.fr/images-v3/0c44253f-c4a3-4340-9d37-d41e42b9d14a/c4012566-7a2e-41af-ad8f-adbf15aff90a/300x300.jpg
"Produits Laitiers, Œufs et Fromages",52f2d35e-f1ee-4784-a0e3-948f80d7c761,MPX_63980,Rians La Faisselle 4x100g,2.55,6.38,"['Nos régions de France', 'Centre Val de Loire', 'Fromages et faisselles']",Rians,True,False,false,1.0,WEEK,4 x 100g,[],https://courses.monoprix.fr/images-v3/0c44253f-c4a3-4340-9d37-d41e42b9d14a/5bad2777-f631-4626-b24c-f5e984dcdec5/300x300.jpg
"Produits Laitiers, Œufs et Fromages",d55f7db4-dbad-46f3-82a7-e2c4f8bc4fb5,MPX_565180,Andros compote poire morceaux croquants 4x100g,2.99,7.48,"['Produits Laitiers, Œufs et Fromages', 'Desserts', 'Compotes fraîches']",ANDROS,True,False,false,2.0,WEEK,4 x 100g,[],https://courses.monoprix.fr/images-v3/0c44253f-c4a3-4340-9d37-d41e42b9d14a/875ea579-cddd-4d0a-b654-e1b253ef8029/300x300.jpg
"Produits Laitiers, Œufs et Fromages",1de1e372-d83c-4bd9-bfa4-8b76d237f27a,MPX_5394905,Islos Feta Aop Grecque 150g,3.35,22.33,"['Produits Laitiers, Œufs et Fromages', 'Fromages à cuisiner, raclettes et apéritifs', 'Mozza, Feta et Burrata']",Islos,True,False,false,1.0,MONTH,150g,[],https://courses.monoprix.fr/images-v3/0c44253f-c4a3-4340-9d37-d41e42b9d14a/fd492fd4-db41-4b50-ba84-9eab2dcf7b82/300x300.jpg
"Produits Laitiers, Œufs et Fromages",b5b6879b-a28b-461b-b358-f4f908bd6591,MPX_2936646,Ferme Des Peupliers Yaourt Nature Au Lait Entier 2X125G,1.99,7.96,"['Produits Laitiers, Œufs et Fromages', 'Yaourts', 'Yaourts natures']",FERME DES PEUPLIERS,True,False,false,1.0,WEEK,2 x 125g,['Produit végétarien'],https://courses.monoprix.fr/images-v3/0c44253f-c4a3-4340-9d37-d41e42b9d14a/6f419e92-9a19-48ae-bb37-71fae814466a/300x300.jpg
"Produits Laitiers, Œufs et Fromages",754ee37d-dbe0-4902-9ee8-53c976041226,MPX_2006323,Vrai Yaourt Nature Au Lait De Chèvre Bio 2x125g,1.99,7.96,"['Bio', 'Crèmerie bio', 'Yaourt bio']",Vrai,True,False,false,1.0,WEEK,2 x 125g,['Produit bio'],https://courses.monoprix.fr/images-v3/0c44253f-c4a3-4340-9d37-d41e42b9d14a/29da0f79-cdf7-45c1-9cdd-496442cc06ef/300x300.jpg
"Produits Laitiers, Œufs et Fromages",ac861cc0-5d37-4fe4-919f-af8ee8bc0c1d,MPX_4981853,Monoprix Bio Gourdes multifruits 12x90g,7.29,6.75,"['Produits Laitiers, Œufs et Fromages', 'Desserts', 'Desserts bio']",Monoprix Bio,True,False,false,2.0,MONTH,12 x 90g,['Produit bio'],https://courses.monoprix.fr/images-v3/0c44253f-c4a3-4340-9d37-d41e42b9d14a/4723889a-88f6-4d25-87fe-fcc887b43fd6/300x300.jpg
"Produits Laitiers, Œufs et Fromages",ab1ad2ec-6025-4c1e-a0c2-f1eeb38f9a0f,MPX_11806,Candia - Viva - Lait Vitaminé -  le pack de 6x 1L,8.09,1.35,"['Boissons et Lait', 'Lait', 'Lait UHT demi-écrémé']",VIVA,True,False,false,2.0,WEEK,6 x 1L,[],https://courses.monoprix.fr/images-v3/0c44253f-c4a3-4340-9d37-d41e42b9d14a/1e1237a4-4607-4960-9856-8e5c9afd66c7/300x300.jpg
"Produits Laitiers, Œufs et Fromages",521a6785-a60c-447b-9550-64fba043ab29,MPX_6600978,Monoprix lait frais demi-écrémé 1l,1.19,1.19,"['Produits Laitiers, Œufs et Fromages', 'Laits', 'Lait frais']",Monoprix,True,False,false,1.0,WEEK,1L,[],https://courses.monoprix.fr/images-v3/0c44253f-c4a3-4340-9d37-d41e42b9d14a/3fc357b8-2b50-49fe-9179-99ad470d82ba/300x300.jpg
"Produits Laitiers, Œufs et Fromages",ffcfb23c-61be-451e-902c-eec9096b7f79,MPX_2454982,Danone Yaourt nature 16x125g,4.15,2.08,"['Produits Laitiers, Œufs et Fromages', 'Yaourts', 'Yaourts natures']",Danone,True,False,false,1.0,WEEK,16 x 125g,[],https://courses.monoprix.fr/images-v3/0c44253f-c4a3-4340-9d37-d41e42b9d14a/66e213c4-ca41-49b1-b3a2-f20376bba9f5/300x300.jpg
"Produits Laitiers, Œufs et Fromages",ee0c85d1-cb91-4fac-84a1-2f968c8960ca,MPX_2442113,Danette Crème Dessert Caramel 4x125g,1.79,3.58,"['Produits Laitiers, Œufs et Fromages', 'Desserts', 'Crèmes desserts']",Danette,True,False,false,1.0,WEEK,4 x 125g,[],https://courses.monoprix.fr/images-v3/0c44253f-c4a3-4340-9d37-d41e42b9d14a/2c175078-f16e-425d-a832-f3408303b38e/300x300.jpg
"Produits Laitiers, Œufs et Fromages",f6f127a2-4623-431e-9b9c-eecca0f013c2,MPX_732647,Grand Fermage Beurre Cristaux Sel De Mer 125g,1.89,15.12,"['Nos régions de France', 'Pays de la Loire', 'Sel et beurre de Noirmoutier']",Grand fermage,True,False,false,3.0,WEEK,125g,[],https://courses.monoprix.fr/images-v3/0c44253f-c4a3-4340-9d37-d41e42b9d14a/1b1d10e0-334a-49d0-a68b-b7bcdcf9ab44/300x300.jpg
"Produits Laitiers, Œufs et Fromages",5d82e0bd-9072-4f15-ba86-2156dd8aca0f,MPX_3858492,Leerdammer L'Original Tranches x12 300g,4.49,14.97,"['Produits Laitiers, Œufs et Fromages', 'Fromages à cuisiner, raclettes et apéritifs', 'Fromages en tranches']",LEERDAMMER,True,False,false,3.0,WEEK,300g,[],https://courses.monoprix.fr/images-v3/0c44253f-c4a3-4340-9d37-d41e42b9d14a/7e9e11c8-f0a7-4814-a1dc-1c10ba4453af/300x300.jpg
"Produits Laitiers, Œufs et Fromages",8edacf87-0503-4a33-b3af-ccf5d193c278,MPX_2469935,Vrai Fromage Blanc Nature 36% M.G. Bio 500g,2.75,5.5,"['Bio', 'Crèmerie bio', 'Yaourt bio']",Vrai,True,False,false,1.0,WEEK,500g,['Produit bio'],https://courses.monoprix.fr/images-v3/0c44253f-c4a3-4340-9d37-d41e42b9d14a/98f414d0-219b-4b21-a876-bf3364fe54ff/300x300.jpg
"Produits Laitiers, Œufs et Fromages",575cebad-e2db-4bff-9147-76a8aee7b261,MPX_2321366,Soignon Yaourt Nature Entier Au Lait De Chèvre 4x125g,2.85,5.7,"['Produits Laitiers, Œufs et Fromages', 'Yaourts', 'Chèvres et Brebis']",Soignon,True,False,false,1.0,WEEK,4 x 125g,[],https://courses.monoprix.fr/images-v3/0c44253f-c4a3-4340-9d37-d41e42b9d14a/a131b462-86c9-4c8b-b10a-9008417a15c9/300x300.jpg
"Produits Laitiers, Œufs et Fromages",207506a3-eed3-4b26-a2cd-59c199b69f8a,MPX_2934827,La Laitière Crèmes Desserts chocolat 4x100g,2.55,6.38,"['Produits Laitiers, Œufs et Fromages', 'Desserts', 'Crèmes desserts']",La Laitière,True,False,false,1.0,WEEK,4 x 100g,[],https://courses.monoprix.fr/images-v3/0c44253f-c4a3-4340-9d37-d41e42b9d14a/6905e3db-6e59-44e2-9083-6c4d8f9118a2/300x300.jpg
"Produits Laitiers, Œufs et Fromages",7d16b8b8-67dd-4d0d-86a9-559f54f4a8da,MPX_2482467,Saint Albray Gourmand Et Crémeux 200g,3.65,18.25,"['Produits Laitiers, Œufs et Fromages', 'Fromages à déguster, à la coupe', 'Camembert, Brie et Coulommiers']",Saint albray,True,False,false,1.0,WEEK,200g,[],https://courses.monoprix.fr/images-v3/0c44253f-c4a3-4340-9d37-d41e42b9d14a/6ff2e609-f4e7-4375-829b-c320cf792833/300x300.jpg
"Produits Laitiers, Œufs et Fromages",3d194acf-67e7-4820-aba4-3abf1777a33d,MPX_64326,Le Rustique Jean Vernier Camembert 45% 250g,2.79,11.16,"['Produits Laitiers, Œufs et Fromages', 'Fromages à déguster, à la coupe', 'Camembert, Brie et Coulommiers']",Le rustique,True,False,false,1.0,WEEK,250g,[],https://courses.monoprix.fr/images-v3/0c44253f-c4a3-4340-9d37-d41e42b9d14a/fc497acb-fb4e-4768-8a52-1361f4bc16ef/300x300.jpg
"Produits Laitiers, Œufs et Fromages",b2f3f262-c8ef-4bc1-80bb-a2da00b55190,MPX_1821005,Monoprix mimolette en tranche le paquet 200g,2.99,14.95,"['Produits Laitiers, Œufs et Fromages', 'Fromages à cuisiner, raclettes et apéritifs', 'Fromages en tranches']",Monoprix,True,False,false,1.0,MONTH,200g,[],https://courses.monoprix.fr/images-v3/0c44253f-c4a3-4340-9d37-d41e42b9d14a/f2628d84-7632-40d7-8ca6-abcbad80401b/300x300.jpg
"Produits Laitiers, Œufs et Fromages",f445a2df-be27-47de-8201-2d74b8e53636,MPX_5094697,Yoplait Skyr Myrtille Yaourt Riche En Proteine 0% M.G. Pots 4x100g,2.59,6.48,"['Produits Laitiers, Œufs et Fromages', 'Yaourts', 'Skyr']",Yoplait,True,False,false,1.0,WEEK,4 x 100g,[],https://courses.monoprix.fr/images-v3/0c44253f-c4a3-4340-9d37-d41e42b9d14a/c0dc56d4-d522-4543-9120-c0f3b6ec2c84/300x300.jpg
"Produits Laitiers, Œufs et Fromages",1aab1911-7ba2-4ade-8e32-a96808192d62,MPX_2823150,Yoplait Ptit Yop Fraise Yaourt A Boire Bouteilles 6x180g,3.39,3.14,"['Nos sélections', 'Boutique Enfants', 'Repas facile pour les enfants', 'Dessert']",Yoplait,True,False,false,1.0,WEEK,6 x 180g,[],https://courses.monoprix.fr/images-v3/0c44253f-c4a3-4340-9d37-d41e42b9d14a/20cf9a9d-1dbc-407a-ad25-eb43a731be99/300x300.jpg
"Produits Laitiers, Œufs et Fromages",e76b6865-8cb9-4ecc-a2ef-110d6164c6cb,MPX_3058785,Actimel yaourt à boire nature 12x100g,5.25,4.37,"['Produits Laitiers, Œufs et Fromages', 'Yaourts', 'Yaourts à boire']",Actimel,True,False,false,1.0,WEEK,12 x 100g,[],https://courses.monoprix.fr/images-v3/0c44253f-c4a3-4340-9d37-d41e42b9d14a/4006a988-c858-4cdd-b051-346d05b85c71/300x300.jpg
"Produits Laitiers, Œufs et Fromages",52bf6447-1b2c-4bd3-b07c-0c114d9552e9,MPX_1179095,Président Bûche Fondante De Chèvre 180g,2.85,15.83,"['Produits Laitiers, Œufs et Fromages', 'Fromages à déguster, à la coupe', 'Chèvre et Brebis']",Président,True,False,false,1.0,WEEK,180g,[],https://courses.monoprix.fr/images-v3/0c44253f-c4a3-4340-9d37-d41e42b9d14a/ca76e9a3-bbc0-4e9c-aff4-2ac6d3896f18/300x300.jpg
"Produits Laitiers, Œufs et Fromages",7182b542-ca46-4ed0-85b9-b57cf56da75d,MPX_79592,Yaos Yaourt À La Grecque Nature 4x150g,2.59,4.32,"['Produits Laitiers, Œufs et Fromages', 'Yaourts', 'Yaourts natures']",Nestlé,True,False,false,1.0,WEEK,4 x 150g,[],https://courses.monoprix.fr/images-v3/0c44253f-c4a3-4340-9d37-d41e42b9d14a/487f7a17-5c13-4394-9486-518e8179ab49/300x300.jpg
"Produits Laitiers, Œufs et Fromages",725bcf24-29d8-4032-a4da-ae57a3a032ab,MPX_3379196,Monoprix Emmental Râpé 500g,4.39,8.78,"['Produits Laitiers, Œufs et Fromages', 'Fromages à cuisiner, raclettes et apéritifs', 'Fromages râpés']",Monoprix,True,False,false,3.0,WEEK,500g,[],https://courses.monoprix.fr/images-v3/0c44253f-c4a3-4340-9d37-d41e42b9d14a/3f53b53b-d2b0-4bf3-b65e-cae529242d3f/300x300.jpg
"Produits Laitiers, Œufs et Fromages",a17bb974-d55f-4723-9070-79badcf8632e,MPX_3174227,Danone Velouté Yaourt Brassé Nature 8x125g,2.99,2.99,"['Produits Laitiers, Œufs et Fromages', 'Yaourts', 'Yaourts natures']",Danone,True,False,false,1.0,WEEK,8 x 125g,[],https://courses.monoprix.fr/images-v3/0c44253f-c4a3-4340-9d37-d41e42b9d14a/eefdd0b2-2d03-4971-a8a9-64b967b95d98/300x300.jpg
"Produits Laitiers, Œufs et Fromages",5082e18b-b945-4f51-8fd6-50a2c1695d52,MPX_1546109,Elle&vire Crème De Normandie Épaisse Légère 12% M.G.. 33cl,2.09,6.33,"['Produits Laitiers, Œufs et Fromages', 'Crèmes et Chantilly', 'Crème fraîche']",Elle & vire,True,False,false,2.0,WEEK,330ml,[],https://courses.monoprix.fr/images-v3/0c44253f-c4a3-4340-9d37-d41e42b9d14a/2afac2bb-a7a8-42c7-af93-a7689bb4ab3b/300x300.jpg
"Produits Laitiers, Œufs et Fromages",998c0cc5-625d-4bf7-8516-c8856a609521,MPX_64864,Gervais Petits Suisses Nature 9.5% M.G. 12x60g,2.85,3.96,"['Produits Laitiers, Œufs et Fromages', 'Yaourts', 'Yaourts pour enfants']",Gervais,True,False,false,1.0,WEEK,12 x 60g,[],https://courses.monoprix.fr/images-v3/0c44253f-c4a3-4340-9d37-d41e42b9d14a/009edf75-5284-49de-bcf5-4d6011250a42/300x300.jpg
"Produits Laitiers, Œufs et Fromages",e348bc4d-802e-45e9-99cd-0b97ff1ccf03,MPX_1455628,Président Emmental Râpé Fondant 3x70g,2.99,14.24,"['Produits Laitiers, Œufs et Fromages', 'Fromages à cuisiner, raclettes et apéritifs', 'Fromages râpés']",Président,True,False,false,3.0,WEEK,3 x 70g,[],https://courses.monoprix.fr/images-v3/0c44253f-c4a3-4340-9d37-d41e42b9d14a/f1ea6e07-6d9c-4989-b2d3-798fb7d792e5/300x300.jpg
"Produits Laitiers, Œufs et Fromages",2d5c18d0-9f61-4c72-b702-ce7ad8aa8902,MPX_3636371,Monoprix Œufs Frais de poules élevées en plein air x18,6.29,0.35,"['Nos sélections', 'Inspiration du moment', '& Sélection gros formats', 'Crèmerie']",Monoprix,True,False,false,1.0,WEEK,18 par pack,[],https://courses.monoprix.fr/images-v3/0c44253f-c4a3-4340-9d37-d41e42b9d14a/da40f0f3-5bf9-4661-9b95-ae9e6fa5c5ce/300x300.jpg
"Produits Laitiers, Œufs et Fromages",e5af62e1-d95f-4338-911b-eb8bbe0c90b5,MPX_732652,Monoprix Bio mozzarella au lait de vache bio 125g,1.79,14.32,"['Produits du monde', 'Italie - Italia', 'Mozzarella, Parmesan, Burrata et Ricotta']",Monoprix Bio,True,False,false,1.0,WEEK,125g,['Produit bio'],https://courses.monoprix.fr/images-v3/0c44253f-c4a3-4340-9d37-d41e42b9d14a/9ab982eb-4d5a-4309-be67-3cbf1f74947b/300x300.jpg
"Produits Laitiers, Œufs et Fromages",54fd2cd1-dfa7-4440-af24-f42cfdde670e,MPX_3045450,Andros Compote Pomme Poire 4x100g,1.85,4.63,"['Produits Laitiers, Œufs et Fromages', 'Desserts', 'Compotes fraîches']",Andros,True,False,false,3.0,WEEK,4 x 100g,[],https://courses.monoprix.fr/images-v3/0c44253f-c4a3-4340-9d37-d41e42b9d14a/871e9085-cf4f-4ea7-b952-15aff43c575a/300x300.jpg
"Produits Laitiers, Œufs et Fromages",16d382d0-5b8e-4eaa-8131-299561777dee,MPX_2442112,Danette Crème Dessert Chocolat 4x125g,1.79,3.58,"['Produits Laitiers, Œufs et Fromages', 'Desserts', 'Crèmes desserts']",Danette,True,False,false,1.0,WEEK,4 x 125g,[],https://courses.monoprix.fr/images-v3/0c44253f-c4a3-4340-9d37-d41e42b9d14a/b4746bde-d15f-4ae7-acfb-1152f66941b6/300x300.jpg
"Produits Laitiers, Œufs et Fromages",0fa44dd7-b87d-43bb-aca7-bcc3e5503dc2,MPX_11799,Candia - Candy'Up - Boisson lactée chocolat -le pack de 6x 20cl,3.45,2.87,"['Boissons et Lait', 'Lait', 'Lait aromatisé']",Candy'up,True,False,false,1.0,MONTH,6 x 20cl,[],https://courses.monoprix.fr/images-v3/0c44253f-c4a3-4340-9d37-d41e42b9d14a/1a414d27-1fe8-44ae-9a45-a7e3e7222d99/300x300.jpg
"Produits Laitiers, Œufs et Fromages",91fe8456-e501-4dd2-ada5-4aff92ba1ce3,MPX_500005,Leerdammer L'Original x8 Tranches 200g,3.45,17.25,"['Produits Laitiers, Œufs et Fromages', 'Fromages à cuisiner, raclettes et apéritifs', 'Fromages en tranches']",Leerdammer,True,False,false,4.0,WEEK,200g,[],https://courses.monoprix.fr/images-v3/0c44253f-c4a3-4340-9d37-d41e42b9d14a/28cc3710-924a-49d3-a811-eddb88505b28/300x300.jpg
"Produits Laitiers, Œufs et Fromages",d17ad45e-15f0-4094-9cb8-5f7c5d31f00a,MPX_62809,Fermiers de Loué Oeufs fermiers de poules élevées en liberté x6,3.19,0.53,"['Nos régions de France', 'Pays de la Loire', 'Les marques de la région']",LOUE,True,False,false,1.0,WEEK,6 par pack,[],https://courses.monoprix.fr/images-v3/0c44253f-c4a3-4340-9d37-d41e42b9d14a/a45803a4-b807-49f1-91a7-7067159f255f/300x300.jpg
"Produits Laitiers, Œufs et Fromages",09a29e41-7000-4173-848c-cf8f5b864ca1,MPX_126664,Rians Le Crottin De Chèvre 2x60g,3.49,29.08,"['Produits Laitiers, Œufs et Fromages', 'Fromages à déguster, à la coupe', 'Chèvre et Brebis']",Rians,True,False,false,2.0,WEEK,120g,[],https://courses.monoprix.fr/images-v3/0c44253f-c4a3-4340-9d37-d41e42b9d14a/70135386-b46d-483c-b401-c12fd99f8d70/300x300.jpg
"Produits Laitiers, Œufs et Fromages",b4d316b8-63f4-47f3-827b-328f89e374bc,MPX_3073459,L'Œuf de Nos Villages Œufs frais Bio x10,6.15,0.62,"['Bio', 'Crèmerie bio', 'Œuf bio']",L'Oeuf De Nos Villages,True,False,false,1.0,WEEK,10 par pack,['Produit bio'],https://courses.monoprix.fr/images-v3/0c44253f-c4a3-4340-9d37-d41e42b9d14a/2e865449-81d3-425c-aa4e-70d2e46467a1/300x300.jpg
"Produits Laitiers, Œufs et Fromages",c33448f6-f167-4898-b491-6deee670eff8,MPX_2713955,Les 2 Vaches Yaourt Vanille Madagascar Bio 4x115g,2.35,5.11,"['Bio', 'Crèmerie bio', 'Yaourt bio']",Les 2 vaches,True,False,false,1.0,WEEK,4 x 115g,['Produit bio'],https://courses.monoprix.fr/images-v3/0c44253f-c4a3-4340-9d37-d41e42b9d14a/b6694625-6e15-48f3-86f0-9a4e3a1976a1/300x300.jpg
"Produits Laitiers, Œufs et Fromages",0084ab97-398f-4d86-9001-5a5b811d4852,MPX_4199985,Yoplait Skyr Nature Recette Au Yaourt Riche En Proteine Pots 4x100g,2.75,6.88,"['Produits Laitiers, Œufs et Fromages', 'Yaourts', 'Skyr']",Yoplait,True,False,false,1.0,WEEK,4 x 100g,[],https://courses.monoprix.fr/images-v3/0c44253f-c4a3-4340-9d37-d41e42b9d14a/4a1b6026-1595-4fd6-bbda-78053421cd16/300x300.jpg
"Produits Laitiers, Œufs et Fromages",2d53d03f-3024-4093-ad52-29890cb443ab,MPX_1625130,Monoprix Lait Demi-Ecrémé Stérilisé 6x1L,6.29,1.05,"['Boissons et Lait', 'Lait', 'Lait UHT demi-écrémé']",Monoprix,True,False,false,1.0,MONTH,6 x 1L,[],https://courses.monoprix.fr/images-v3/0c44253f-c4a3-4340-9d37-d41e42b9d14a/88e58a2b-42e5-43ec-b0fd-44f8d6d61d81/300x300.jpg
"Produits Laitiers, Œufs et Fromages",d69e34d8-7cbf-49a2-883e-29f6710d3fe3,MPX_1701318,Monoprix Gourmet Comté AOP au lait cru 220g,5.85,26.59,"['Nos sélections', 'Inspiration du moment', 'Sélection Charcuterie et Fromage']",Monoprix Gourmet,True,False,false,3.0,WEEK,220g,[],https://courses.monoprix.fr/images-v3/0c44253f-c4a3-4340-9d37-d41e42b9d14a/51e1de19-f600-4a14-8ecb-9a0706d2c3b8/300x300.jpg
"Produits Laitiers, Œufs et Fromages",be0f2778-019a-4bf9-80e5-3023da3686cf,MPX_1261829,Monoprix emmental en tranches x8 tranches 200g,1.99,9.95,"['Produits Laitiers, Œufs et Fromages', 'Fromages à cuisiner, raclettes et apéritifs', 'Fromages en tranches']",Monoprix,True,False,false,1.0,MONTH,200g,[],https://courses.monoprix.fr/images-v3/0c44253f-c4a3-4340-9d37-d41e42b9d14a/96b5ce6c-a0d4-497a-8dfc-8a6cc6888083/300x300.jpg
"Produits Laitiers, Œufs et Fromages",297a0a26-8eb4-4f31-9bc5-bf65573db076,MPX_2963137,Monoprix Gourmet Burrata au lait de vache 120g,2.99,24.92,"['Nos sélections', 'Inspiration du moment', '& Le Coin du marché', 'Fromage']",Monoprix Gourmet,True,False,false,6.0,DAY,120g,[],https://courses.monoprix.fr/images-v3/0c44253f-c4a3-4340-9d37-d41e42b9d14a/06aeafcd-58fc-44b4-8fd0-e8590d50b9b8/300x300.jpg
"Produits Laitiers, Œufs et Fromages",ce1825b2-3392-4eb8-8f06-61abcdb9d45d,MPX_2442581,Elle & Vire Le Beurre Tendre Doux 250g,3.39,13.56,"['Produits Laitiers, Œufs et Fromages', 'Beurres et Margarines', 'Beurre doux']",Elle & Vire,True,False,false,2.0,WEEK,250g,[],https://courses.monoprix.fr/images-v3/0c44253f-c4a3-4340-9d37-d41e42b9d14a/79e1f35a-4460-4ecf-960e-66dcd65c96de/300x300.jpg
"Produits Laitiers, Œufs et Fromages",567eb6b6-f8b6-47c5-a6d0-167979a0da0f,MPX_2152263,Vrai Fromage Blanc Au Lait De Brebis Bio 400g,2.75,6.88,"['Bio', 'Crèmerie bio', 'Yaourt bio']",Vrai,True,False,false,1.0,WEEK,400g,['Produit bio'],https://courses.monoprix.fr/images-v3/0c44253f-c4a3-4340-9d37-d41e42b9d14a/c5bad619-c406-4c63-9fa5-95963afad110/300x300.jpg
"Produits Laitiers, Œufs et Fromages",26496778-7dba-4634-9999-38aed130d3a1,MPX_2588012,Monoprix Bio Parmigiano Reggiano râpé bio AOP 50g,2.15,43.0,"['Produits du monde', 'Italie - Italia', 'Mozzarella, Parmesan, Burrata et Ricotta']",Monoprix Bio,True,False,false,2.0,WEEK,50g,['Produit bio'],https://courses.monoprix.fr/images-v3/0c44253f-c4a3-4340-9d37-d41e42b9d14a/17a313aa-84fe-403d-819e-58fa34ae5fc8/300x300.jpg
"Produits Laitiers, Œufs et Fromages",87435629-4dba-4891-86ee-8f54eeebfbb2,MPX_2045982,Monoprix Pecorino Romano râpé AOP 50g,1.49,29.8,"['Produits du monde', 'Italie - Italia', 'Mozzarella, Parmesan, Burrata et Ricotta']",Monoprix,True,False,false,2.0,WEEK,50g,[],https://courses.monoprix.fr/images-v3/0c44253f-c4a3-4340-9d37-d41e42b9d14a/6422eb2a-f2b0-4e8d-bd44-61d8de1ab1b6/300x300.jpg
"Produits Laitiers, Œufs et Fromages",2ddf5921-3ee7-418c-8a33-d9ff6147c4ec,MPX_2562349,Caprice des Dieux fromage 300g,4.25,14.17,"['Produits Laitiers, Œufs et Fromages', 'Fromages à déguster, à la coupe', 'Camembert, Brie et Coulommiers']",CAPRICE DES DIEUX,True,False,false,1.0,WEEK,300g,['Produit végétarien'],https://courses.monoprix.fr/images-v3/0c44253f-c4a3-4340-9d37-d41e42b9d14a/533ebdbb-6117-40df-b9a4-018cad709183/300x300.jpg
"Produits Laitiers, Œufs et Fromages",8985453b-33e8-4ad8-8a76-29c6215d60cf,MPX_125410,Monoprix fromage blanc 0% le pot de 1kg,1.95,1.95,"['Nos sélections', 'Inspiration du moment', '& Sélection gros formats', 'Crèmerie']",Monoprix,True,False,false,1.0,WEEK,1kg,[],https://courses.monoprix.fr/images-v3/0c44253f-c4a3-4340-9d37-d41e42b9d14a/65fd96bd-138d-43e2-aac2-fa40031f7b6c/300x300.jpg
"Produits Laitiers, Œufs et Fromages",89d1dbb9-fe5e-4a9c-82cc-b3622db08883,MPX_1255207,Monoprix Emmental français riche en calcium 250g,2.19,8.76,"['Nos sélections', 'Inspiration du moment', 'Nos coups de coeur Origine France']",Monoprix,True,False,false,2.0,WEEK,250g,[],https://courses.monoprix.fr/images-v3/0c44253f-c4a3-4340-9d37-d41e42b9d14a/fc35a52b-9152-4e42-940d-803e01524feb/300x300.jpg
"Produits Laitiers, Œufs et Fromages",92c6c4c9-6ac0-48f5-9ae5-365bca8f5533,MPX_1891751,Monoprix Bio Yaourt nature pack 12 x 125g,3.49,2.33,"['Bio', 'Crèmerie bio', 'Yaourt bio']",Monoprix Bio,True,False,false,1.0,WEEK,12 x 125g,['Produit bio'],https://courses.monoprix.fr/images-v3/0c44253f-c4a3-4340-9d37-d41e42b9d14a/07496a0a-a4c0-4f93-ae5e-4b32a2b4fa79/300x300.jpg
"Produits Laitiers, Œufs et Fromages",0acbcabf-26b7-4b2f-83d0-1e5cb827f54c,MPX_1247547,Monoprix Emmental français râpé 3x70g,1.89,9.0,"['Produits Laitiers, Œufs et Fromages', 'Fromages à cuisiner, raclettes et apéritifs', 'Fromages râpés']",Monoprix,True,False,false,3.0,WEEK,210g,[],https://courses.monoprix.fr/images-v3/0c44253f-c4a3-4340-9d37-d41e42b9d14a/c8d573b7-901b-450e-9f28-71610c56e407/300x300.jpg
"Produits Laitiers, Œufs et Fromages",ddb016bc-05e1-4843-bd16-c00b01e71eb9,MPX_2154221,Charles & Alice Desserts Pommes & Poires Williams 4x100 g,1.99,4.98,"['Produits Laitiers, Œufs et Fromages', 'Desserts', 'Compotes fraîches']",Charles et alice,True,False,false,3.0,WEEK,400g,[],https://courses.monoprix.fr/images-v3/0c44253f-c4a3-4340-9d37-d41e42b9d14a/73d664dd-97f9-45cd-935e-8117dd224222/300x300.jpg
"Produits Laitiers, Œufs et Fromages",f5dff25b-b32d-4bd6-8f9a-648aa0d86327,MPX_889846,Fjord Yaourt Fromage Blanc Nature 8x125g,4.29,4.29,"['Produits Laitiers, Œufs et Fromages', 'Yaourts', 'Yaourts natures']",Fjord,True,False,false,1.0,WEEK,8 x 125g,[],https://courses.monoprix.fr/images-v3/0c44253f-c4a3-4340-9d37-d41e42b9d14a/3bc34904-ee1a-49df-bc82-ba44d19c6c87/300x300.jpg
"Produits Laitiers, Œufs et Fromages",7771185a-b0e4-431a-bca4-831107d4beed,MPX_3045451,Andros Compote Pomme Châtaigne 4x100g,2.49,6.23,"['Produits Laitiers, Œufs et Fromages', 'Desserts', 'Compotes fraîches']",Andros,True,False,false,3.0,WEEK,4 x 100g,[],https://courses.monoprix.fr/images-v3/0c44253f-c4a3-4340-9d37-d41e42b9d14a/f9289e00-2724-432a-9871-7469ed91bcf3/300x300.jpg
"Produits Laitiers, Œufs et Fromages",714c238b-9eab-4b80-9c69-285bead35aa9,MPX_189966,Monoprix Crème Fraîche Légère 15% de Matières Grasses 20cl,0.95,4.75,"['Produits Laitiers, Œufs et Fromages', 'Crèmes et Chantilly', 'Crème fraîche']",Monoprix,True,False,false,1.0,WEEK,200ml,[],https://courses.monoprix.fr/images-v3/0c44253f-c4a3-4340-9d37-d41e42b9d14a/149f6206-b8ba-409b-86b1-01004e7f9a86/300x300.jpg
"Produits Laitiers, Œufs et Fromages",85597f81-ef62-45c7-bcdc-23859e622174,MPX_2563754,Monoprix Cheddar rouge râpé 140g,2.89,20.64,"['Nos sélections', 'Inspiration du moment', '& Frigo vide', 'Produits laitiers et Œufs']",Monoprix,True,False,false,3.0,WEEK,140g,[],https://courses.monoprix.fr/images-v3/0c44253f-c4a3-4340-9d37-d41e42b9d14a/47e9c30c-82f6-4bbf-8c8d-27e1b713d1bd/300x300.jpg
"Produits Laitiers, Œufs et Fromages",721ddfd9-2778-45b8-ac10-0cc805debaa1,MPX_1111606,Monoprix Bio beurre moule doux 250g,3.59,14.36,"['Bio', 'Crèmerie bio', 'Beurre bio']",Monoprix Bio,True,False,false,2.0,WEEK,250g,['Produit bio'],https://courses.monoprix.fr/images-v3/0c44253f-c4a3-4340-9d37-d41e42b9d14a/47709539-751a-495a-abc5-8245d5085808/300x300.jpg
"Produits Laitiers, Œufs et Fromages",fb6a63b4-c2a9-4bb9-9e61-0817b1d22802,MPX_3045449,Andros Compote Pomme & Fraise 4x100g,1.95,4.88,"['Produits Laitiers, Œufs et Fromages', 'Desserts', 'Compotes fraîches']",Andros,True,False,false,3.0,WEEK,4 x 100g,[],https://courses.monoprix.fr/images-v3/0c44253f-c4a3-4340-9d37-d41e42b9d14a/a7fd3823-1142-4d13-ba06-5dbc603b3e78/300x300.jpg
"Produits Laitiers, Œufs et Fromages",8d0739a8-9d27-4169-b9d0-f8abf9928a07,MPX_2383469,Les 2 Vaches Crème Dessert Chocolat Bio 4x95g,2.19,5.76,"['Bio', 'Crèmerie bio', 'Yaourt bio']",Les 2 vaches,True,False,false,1.0,WEEK,4 x 95g,['Produit bio'],https://courses.monoprix.fr/images-v3/0c44253f-c4a3-4340-9d37-d41e42b9d14a/40110804-f79b-488a-a79b-9c9e63ef87c8/300x300.jpg
"Produits Laitiers, Œufs et Fromages",377d5264-f0df-4e4a-9927-b8b2632dd064,MPX_2120323,Monoprix Bio Yaourt aromatisé vanille 4x125g,1.69,3.38,"['Bio', 'Crèmerie bio', 'Yaourt bio']",Monoprix Bio,True,False,false,1.0,WEEK,4 x 125g,['Produit bio'],https://courses.monoprix.fr/images-v3/0c44253f-c4a3-4340-9d37-d41e42b9d14a/0de3053b-904a-4a9b-8d08-6e13c5c3fd85/300x300.jpg
"Produits Laitiers, Œufs et Fromages",169a0c7d-c730-4297-be99-8964a1f501ad,MPX_881216,Monoprix Bio Yaourt nature au lait entier bio 4X125g,1.25,2.5,"['Bio', 'Crèmerie bio', 'Yaourt bio']",Monoprix Bio,True,False,false,1.0,WEEK,4 x 125g,['Produit bio'],https://courses.monoprix.fr/images-v3/0c44253f-c4a3-4340-9d37-d41e42b9d14a/6982d80e-39ef-436f-9be0-d0b3dc9623b4/300x300.jpg
"Produits Laitiers, Œufs et Fromages",2063c9de-8053-4bae-8319-78ca3dbe2a9c,MPX_2852367,Activia Yaourt Citron Bifidus 4x125g,1.99,3.98,"['Produits Laitiers, Œufs et Fromages', 'Yaourts', 'Yaourts aromatisés et aux fruits']",Activia,True,False,false,1.0,WEEK,4 x 125g,[],https://courses.monoprix.fr/images-v3/0c44253f-c4a3-4340-9d37-d41e42b9d14a/d1328ef4-f279-406a-aad9-85715b07a0d7/300x300.jpg
"Produits Laitiers, Œufs et Fromages",caf73bde-f3d3-4147-bb68-fb0d3227e31a,MPX_3179701,C'Est Qui Le Patron?! Beurre Doux Bio 250G,2.94,11.76,"['Bio', 'Crèmerie bio', 'Beurre bio']",C'Est Qui Le Patron?!,True,False,false,3.0,WEEK,250g,['Produit bio'],https://courses.monoprix.fr/images-v3/0c44253f-c4a3-4340-9d37-d41e42b9d14a/107fd9a1-e55a-46e9-8141-775b4c5ffa88/300x300.jpg
"Produits Laitiers, Œufs et Fromages",49f51f66-d73a-4f65-93a5-b734d7481f85,MPX_127452,St Moret Nature 9 Portions 180g,2.85,15.83,"['Produits Laitiers, Œufs et Fromages', 'Fromages à déguster, à la coupe', 'Fromages enfants et portions individuelles']",St Môret,True,False,false,2.0,WEEK,180g,[],https://courses.monoprix.fr/images-v3/0c44253f-c4a3-4340-9d37-d41e42b9d14a/9dc94133-fea1-49c8-9c01-e653a499ac15/300x300.jpg
"Produits Laitiers, Œufs et Fromages",d3263597-b6e9-4b70-a416-81b17d32795d,MPX_2279729,Monoprix Gourmet Burrata 250g,5.29,21.16,"['Nos sélections', 'Inspiration du moment', '& Le Coin du marché', 'Fromage']",Monoprix Gourmet,True,False,false,4.0,DAY,250g,[],https://courses.monoprix.fr/images-v3/0c44253f-c4a3-4340-9d37-d41e42b9d14a/c6e4c39d-03a1-4648-b6ed-ad0ba716e3ed/300x300.jpg
"Produits Laitiers, Œufs et Fromages",aee20c2f-edc9-4301-a510-95d7548654dc,MPX_2811422,L'Oeuf De Nos Villages Oeufs frais plein air x12,4.85,0.4,"['Produits Laitiers, Œufs et Fromages', 'Œufs', 'Œufs plein air']",L'Oeuf De Nos Villages,True,False,false,1.0,WEEK,12 par pack,[],https://courses.monoprix.fr/images-v3/0c44253f-c4a3-4340-9d37-d41e42b9d14a/7a5c6bc6-85e9-4def-a5a9-061326c8e612/300x300.jpg
"Produits Laitiers, Œufs et Fromages",dae7cae1-75aa-4afa-95ac-5489c5803943,MPX_2836081,Andros compote pomme nature 8x 100g,2.19,2.74,"['Produits Laitiers, Œufs et Fromages', 'Desserts', 'Compotes fraîches']",Andros,True,False,false,3.0,WEEK,8 x 100g,[],https://courses.monoprix.fr/images-v3/0c44253f-c4a3-4340-9d37-d41e42b9d14a/6475aee8-7576-4704-956e-746afddda6be/300x300.jpg
"Produits Laitiers, Œufs et Fromages",9ea75a8d-27c3-464b-85d5-db55ecb440c0,MPX_3954847,Babybel Fromage Mini 12 portions 264 g,4.79,18.14,"['Produits Laitiers, Œufs et Fromages', 'Fromages à déguster, à la coupe', 'Fromages enfants et portions individuelles']",Mini Babybel,True,False,false,2.0,WEEK,264g,[],https://courses.monoprix.fr/images-v3/0c44253f-c4a3-4340-9d37-d41e42b9d14a/9e99d7e4-8d4f-4976-9e4f-1779762511e0/300x300.jpg
"Produits Laitiers, Œufs et Fromages",b2d59232-5bdf-449e-be64-9db9e4181cb1,MPX_2442116,Danette Crème Dessert Vanille le pack de 4x125g,1.79,3.58,"['Produits Laitiers, Œufs et Fromages', 'Desserts', 'Crèmes desserts']",Danette,True,False,false,1.0,WEEK,4 x 125g,[],https://courses.monoprix.fr/images-v3/0c44253f-c4a3-4340-9d37-d41e42b9d14a/225df2ee-d68d-4a77-849f-774543ea9c26/300x300.jpg
"Produits Laitiers, Œufs et Fromages",d392b7cb-cc9b-4563-b280-7a5256128783,MPX_2154223,Charles & Alice Desserts fruités pommes bananes et vanille 4x97g,2.19,5.64,"['Produits Laitiers, Œufs et Fromages', 'Desserts', 'Compotes fraîches']",Charles et alice,True,False,false,3.0,WEEK,4 x 97g,[],https://courses.monoprix.fr/images-v3/0c44253f-c4a3-4340-9d37-d41e42b9d14a/88325a7b-f8c7-49ea-8096-13f5b2194edc/300x300.jpg
"Produits Laitiers, Œufs et Fromages",ac54b488-324d-4a82-8370-20347bebaef3,MPX_65245,Candia - Grandlait - Lait frais demi écrémé de montagne - la bouteille de 1L,1.75,1.75,"['Boissons et Lait', 'Lait', 'Lait frais']",Grandlait,True,False,false,1.0,WEEK,1L,[],https://courses.monoprix.fr/images-v3/0c44253f-c4a3-4340-9d37-d41e42b9d14a/97cc2bd0-3f4b-4e5d-8a85-3f2542d39c55/300x300.jpg
"Produits Laitiers, Œufs et Fromages",221e0f34-b519-431b-9744-247aa8a35b69,MPX_2092469,Les Fermiers de Loué Œufs Bio Calibre Moyen x10,6.59,0.66,"['Bio', 'Crèmerie bio', 'Œuf bio']",LOUE,True,False,false,1.0,WEEK,10 par pack,['Produit bio'],https://courses.monoprix.fr/images-v3/0c44253f-c4a3-4340-9d37-d41e42b9d14a/10a9a442-be74-40e0-8be0-2af427efac5b/300x300.jpg
"Produits Laitiers, Œufs et Fromages",fc4576e0-8561-446f-9795-f0d9e05a9715,MPX_3974174,Viennois Liégeois café 4x100g,1.85,4.63,"['Produits Laitiers, Œufs et Fromages', 'Desserts', 'Mousses et Liégeois']",Viennois,True,False,false,1.0,WEEK,4 x 100g,[],https://courses.monoprix.fr/images-v3/0c44253f-c4a3-4340-9d37-d41e42b9d14a/8932ceca-ea89-4ca2-ac44-5a16fd8d365d/300x300.jpg
"Produits Laitiers, Œufs et Fromages",f5fe8ace-9f44-4d49-871c-2246d06d75a4,MPX_2852366,Activia Yaourt Nature Bifidus 4x125g,1.69,3.38,"['Produits Laitiers, Œufs et Fromages', 'Yaourts', 'Yaourts natures']",Activia,True,False,false,1.0,WEEK,4 x 125g,[],https://courses.monoprix.fr/images-v3/0c44253f-c4a3-4340-9d37-d41e42b9d14a/1a6fdc0a-43fb-4f01-8ddf-f0f85552e80d/300x300.jpg
"Produits Laitiers, Œufs et Fromages",4d79676e-a6d1-486d-b3de-67cf47eadd63,MPX_1250899,Monoprix Fromage à tartiner nature 150g,0.89,5.93,"['Nos sélections', 'Inspiration du moment', '& Notre sélection brunch', 'Fromage']",Monoprix,True,False,false,1.0,MONTH,150g,[],https://courses.monoprix.fr/images-v3/0c44253f-c4a3-4340-9d37-d41e42b9d14a/427585c6-6b98-49f2-934b-afdd1a2841e2/300x300.jpg
"Produits Laitiers, Œufs et Fromages",5243263d-e2d9-4c2c-bde3-cb360e68d383,MPX_165909,VIENNOIS Mousses liégeoises chocolat 4 x 90g,1.95,5.42,"['Produits Laitiers, Œufs et Fromages', 'Desserts', 'Mousses et Liégeois']",Viennois,True,False,false,1.0,WEEK,360g,[],https://courses.monoprix.fr/images-v3/0c44253f-c4a3-4340-9d37-d41e42b9d14a/24dc2540-9aea-44c2-b86f-11b466ac4d4b/300x300.jpg
"Produits Laitiers, Œufs et Fromages",c00a8192-5f59-441f-9a3a-052ddae21bd9,MPX_570573,Monoprix Gourmet Crème fraîche d'Isigny épaisse 20cl,2.09,10.45,"['Nos régions de France', 'Normandie', 'Les marques de la région']",Monoprix Gourmet,True,False,false,1.0,WEEK,200ml,[],https://courses.monoprix.fr/images-v3/0c44253f-c4a3-4340-9d37-d41e42b9d14a/b6de0a28-d6e6-41a3-ac73-c12c103db228/300x300.jpg
"Produits Laitiers, Œufs et Fromages",e5b0b5c5-51d0-4204-b08b-c7019ff463db,MPX_6317893,Yoplait Skyr Nature Recette Islandaise 0% M.G. 850g,4.09,4.81,"['Produits Laitiers, Œufs et Fromages', 'Yaourts', 'Skyr']",Yoplait,True,False,false,1.0,WEEK,850g,[],https://courses.monoprix.fr/images-v3/0c44253f-c4a3-4340-9d37-d41e42b9d14a/e1932895-2711-43e8-bbe9-892039477b37/300x300.jpg
"Produits Laitiers, Œufs et Fromages",bcf3b4d8-fb34-4f05-b1f1-3eba05dd8655,MPX_580358,Monoprix Sainte Maure Fromage de chèvre 200g,2.19,10.95,"['Nos sélections', 'Inspiration du moment', 'Nos coups de coeur Origine France']",Monoprix,True,False,false,2.0,WEEK,200g,[],https://courses.monoprix.fr/images-v3/0c44253f-c4a3-4340-9d37-d41e42b9d14a/3e0915d0-cfb2-4468-91a0-cadcf883d749/300x300.jpg
"Produits Laitiers, Œufs et Fromages",f0fe2b4f-51ae-4bb6-a530-c19ced8762d3,MPX_123287,Monoprix crème fraîche entier 30% 50cl,1.95,3.9,"['Nos sélections', 'Inspiration du moment', '& Frigo vide', 'Produits laitiers et Œufs']",Monoprix,True,False,false,1.0,WEEK,500ml,[],https://courses.monoprix.fr/images-v3/0c44253f-c4a3-4340-9d37-d41e42b9d14a/c6df3a09-4e3d-4744-8943-8080605d1910/300x300.jpg
"Produits Laitiers, Œufs et Fromages",a853bff6-323b-4dfb-90ec-b5938ab5eca0,MPX_2456823,La Laitière Yaourt À La Vanille Madagascar Le Pack De 4x125g,2.35,4.7,"['Produits Laitiers, Œufs et Fromages', 'Yaourts', 'Yaourts aromatisés et aux fruits']",La laitière,True,False,false,1.0,WEEK,4 x 125g,[],https://courses.monoprix.fr/images-v3/0c44253f-c4a3-4340-9d37-d41e42b9d14a/944ec152-8954-4d8b-9b5f-cd04a17169e8/300x300.jpg
"Produits Laitiers, Œufs et Fromages",98a68afe-0c6f-45f7-910d-ab9718ae6838,MPX_2775326,St Moret Le Goût Primeur Barquette Nature 140g,2.69,19.21,"['Produits Laitiers, Œufs et Fromages', 'Fromages à cuisiner, raclettes et apéritifs', 'Fromages à tartiner']",Saint moret,True,False,false,2.0,WEEK,140g,[],https://courses.monoprix.fr/images-v3/0c44253f-c4a3-4340-9d37-d41e42b9d14a/77cad88e-7bb8-45b4-9e51-80f03c609b45/300x300.jpg
"Produits Laitiers, Œufs et Fromages",161ec950-1339-47b3-bd75-0b3679fef2b8,MPX_3329312,Monoprix Bio Emmental Râpé 200g,3.59,17.95,"['Bio', 'Crèmerie bio', 'Fromage bio']",Monoprix Bio,True,False,false,2.0,WEEK,200g,['Produit bio'],https://courses.monoprix.fr/images-v3/0c44253f-c4a3-4340-9d37-d41e42b9d14a/daafe47f-a003-4dc2-bf43-636ccbecdd81/300x300.jpg
"Produits Laitiers, Œufs et Fromages",c198b458-2af3-4f20-9f34-d1953867280b,MPX_2064682,Philadelphia Original Goût Frais Et Crémeux 150g,2.29,15.27,"['Produits Laitiers, Œufs et Fromages', 'Fromages à cuisiner, raclettes et apéritifs', 'Fromages à tartiner']",Philadelphia,True,False,false,1.0,MONTH,150g,[],https://courses.monoprix.fr/images-v3/0c44253f-c4a3-4340-9d37-d41e42b9d14a/f2fbbb7b-45fc-4634-b676-0f4f720a9dc2/300x300.jpg
"Produits Laitiers, Œufs et Fromages",7113f1d1-9eb6-4b59-af27-5e8805f9b1b0,MPX_4124761,Kiri Crème Fromage Enfant 12 Portions 216g,3.29,15.23,"['Produits Laitiers, Œufs et Fromages', 'Fromages à déguster, à la coupe', 'Fromages enfants et portions individuelles']",Kiri,True,False,false,3.0,WEEK,216g,[],https://courses.monoprix.fr/images-v3/0c44253f-c4a3-4340-9d37-d41e42b9d14a/b8f63386-5f2f-4928-bf42-412baf26a75f/300x300.jpg
"Produits Laitiers, Œufs et Fromages",05ed4ff1-ac08-4989-9a59-77f0886b290c,MPX_898676,Monoprix Bio Emmental râpé bio 100g,2.09,20.9,"['Bio', 'Crèmerie bio', 'Fromage bio']",Monoprix Bio,True,False,false,2.0,WEEK,100g,['Produit bio'],https://courses.monoprix.fr/images-v3/0c44253f-c4a3-4340-9d37-d41e42b9d14a/7931b058-8b97-4683-be68-395bea99d348/300x300.jpg
"Produits Laitiers, Œufs et Fromages",6ec99c42-f568-4617-b9b7-16559ee67020,MPX_3254479,Danonino Petits Suisses Aux Fruits 12x50g,2.99,4.98,"['Nos sélections', 'Inspiration du moment', '& Sélection gros formats', 'Crèmerie']",Danonino,True,False,false,1.0,WEEK,12 x 50g,[],https://courses.monoprix.fr/images-v3/0c44253f-c4a3-4340-9d37-d41e42b9d14a/4bb529f8-79bc-4ded-a85d-ff8d546f4450/300x300.jpg
"Produits Laitiers, Œufs et Fromages",ba04fddb-9afa-4474-97e0-2e37d3be56ab,MPX_2713457,Société Roquefort Aop Cave Saveur 150g,3.49,23.27,"['Produits Laitiers, Œufs et Fromages', 'Fromages à déguster, à la coupe', 'Roquefort, Bleu et fromages de caractère']",Société,True,False,false,2.0,WEEK,150g,[],https://courses.monoprix.fr/images-v3/0c44253f-c4a3-4340-9d37-d41e42b9d14a/d5040ded-939b-4400-9a6f-2d9bd590d06a/300x300.jpg
"Produits Laitiers, Œufs et Fromages",e089ea50-1d21-4dc8-a64d-a41fb230da29,MPX_2454202,Monoprix Lait Demi Ecrémé 6x50cl,4.25,1.42,"['Boissons et Lait', 'Lait', 'Lait UHT demi-écrémé']",Monoprix,True,False,false,1.0,MONTH,6 x 50cl,[],https://courses.monoprix.fr/images-v3/0c44253f-c4a3-4340-9d37-d41e42b9d14a/60e7e09e-b274-4d43-8a5d-e04b8f0fa642/300x300.jpg
"Produits Laitiers, Œufs et Fromages",1231c643-0426-4049-bf96-c720e4550b57,MPX_1538384,Galbani Mozzarella Mini Billes 150g,3.29,21.93,"['Produits Laitiers, Œufs et Fromages', 'Fromages à cuisiner, raclettes et apéritifs', 'Mozza, Feta et Burrata']",Galbani,True,False,false,1.0,WEEK,150g,[],https://courses.monoprix.fr/images-v3/0c44253f-c4a3-4340-9d37-d41e42b9d14a/c3e3540f-65dd-40cb-8deb-8784ac375de8/300x300.jpg
"Produits Laitiers, Œufs et Fromages",2da560d6-e73f-4e3c-8b54-05a722428c56,MPX_2852368,Activia Yaourt Vanille Bifidus 4x125g,1.99,3.98,"['Produits Laitiers, Œufs et Fromages', 'Yaourts', 'Yaourts aromatisés et aux fruits']",Activia,True,False,false,1.0,WEEK,4 x 125g,[],https://courses.monoprix.fr/images-v3/0c44253f-c4a3-4340-9d37-d41e42b9d14a/21533759-1a08-483f-919a-90658187f0b1/300x300.jpg
"Produits Laitiers, Œufs et Fromages",a4c71749-a6d8-47fb-9173-3ec470a3029a,MPX_3635627,Siggi's Skyr 2% Mg Framboise 2x140g,3.09,11.04,"['Produits Laitiers, Œufs et Fromages', 'Yaourts', 'Skyr']",Siggi's,True,False,false,1.0,WEEK,2 x 140g,[],https://courses.monoprix.fr/images-v3/0c44253f-c4a3-4340-9d37-d41e42b9d14a/a47bbee7-69e8-48d9-aed8-4309dccf1b56/300x300.jpg
"Produits Laitiers, Œufs et Fromages",9928bab9-674f-4829-8e1f-526b1b82b7c5,MPX_812129,Lactel Lait Demi-Écrémé Bio 6x1L,10.5,1.75,"['Bio', 'Crèmerie bio', 'Lait bio']",Lactel,True,False,false,4.0,WEEK,6 x 1L,['Produit bio'],https://courses.monoprix.fr/images-v3/0c44253f-c4a3-4340-9d37-d41e42b9d14a/c8e0db1e-1d72-4fe2-8fc9-3f696ea230a0/300x300.jpg
"Produits Laitiers, Œufs et Fromages",095d0ea7-6cb9-4761-a111-42525fab478b,MPX_2798128,Monoprix cossettes mozzarella 150g,2.79,18.6,"['Produits Laitiers, Œufs et Fromages', 'Fromages à cuisiner, raclettes et apéritifs', 'Fromages râpés']",Monoprix,True,False,false,1.0,WEEK,150g,[],https://courses.monoprix.fr/images-v3/0c44253f-c4a3-4340-9d37-d41e42b9d14a/f666ea08-289c-4965-8d72-ef4568398f8c/300x300.jpg
"Produits Laitiers, Œufs et Fromages",e90886a2-ad12-4423-83fa-d8c79ee15089,MPX_5196536,Babybel Mini Rouge X20 - 440 G,6.79,15.43,"['Nos sélections', 'Inspiration du moment', '& Sélection gros formats', 'Crèmerie']",Babybel,True,False,false,2.0,WEEK,440g,[],https://courses.monoprix.fr/images-v3/0c44253f-c4a3-4340-9d37-d41e42b9d14a/232360af-c8f4-446a-90e3-30ea8296d57c/300x300.jpg
"Produits Laitiers, Œufs et Fromages",29a6db74-c2ea-45ab-a69e-669d70681a38,MPX_2852369,Activia Yaourt Bifidus Saveur Coco 4x125g,1.99,3.98,"['Produits Laitiers, Œufs et Fromages', 'Yaourts', 'Yaourts aromatisés et aux fruits']",Activia,True,False,false,1.0,WEEK,4 x 125g,[],https://courses.monoprix.fr/images-v3/0c44253f-c4a3-4340-9d37-d41e42b9d14a/37520026-2580-4ad0-990a-712466234999/300x300.jpg
"Produits Laitiers, Œufs et Fromages",cd279a39-bdf1-452c-99fd-2abbbc1b8bf7,MPX_1252519,Monoprix crème fraîche légère le pot de 50cl,1.89,3.78,"['Nos sélections', 'Inspiration du moment', 'Nos coups de coeur Origine France']",Monoprix,True,False,false,1.0,WEEK,500ml,[],https://courses.monoprix.fr/images-v3/0c44253f-c4a3-4340-9d37-d41e42b9d14a/22fe774d-7e1a-4b45-9466-1458aac89975/300x300.jpg
"Produits Laitiers, Œufs et Fromages",e38d3d26-97cd-4654-a23f-d92ba1df8177,MPX_3243442,Danone Skyr Nature 0% M.G. 2x140g,2.85,10.18,"['Produits Laitiers, Œufs et Fromages', 'Yaourts', 'Skyr']",Danone,True,False,false,1.0,WEEK,280g,[],https://courses.monoprix.fr/images-v3/0c44253f-c4a3-4340-9d37-d41e42b9d14a/35fdfc09-abff-49f5-89e9-bbb0f904f1c0/300x300.jpg
"Produits Laitiers, Œufs et Fromages",479cb364-87dd-4b11-b4eb-f98b8fdf0075,MPX_2425285,Président Emmental Cœur De Meule Portion 250g,3.39,13.56,"['Produits Laitiers, Œufs et Fromages', 'Fromages à déguster, à la coupe', 'Emmental, Comté et Gouda']",Président,True,False,false,3.0,WEEK,250g,[],https://courses.monoprix.fr/images-v3/0c44253f-c4a3-4340-9d37-d41e42b9d14a/d6987a4f-947e-41ee-afb6-525ec4c65eb8/300x300.jpg
"Produits Laitiers, Œufs et Fromages",fecca032-acd5-450b-83f5-3ceab75b52c9,MPX_3059313,Président Beurre Tendre Doux 250g,3.69,14.76,"['Produits Laitiers, Œufs et Fromages', 'Beurres et Margarines', 'Beurre doux']",Président,True,False,false,2.0,WEEK,250g,[],https://courses.monoprix.fr/images-v3/0c44253f-c4a3-4340-9d37-d41e42b9d14a/891b00ca-005d-45c7-8047-b4530985e9dd/300x300.jpg
"Produits Laitiers, Œufs et Fromages",7c264621-e17c-4e54-9bf7-494f6c10ab2a,MPX_2835889,Monoprix Cheddar medium 200g,2.99,14.95,"['Nos sélections', 'Inspiration du moment', 'Sélection Charcuterie et Fromage']",Monoprix,True,False,false,4.0,WEEK,200g,[],https://courses.monoprix.fr/images-v3/0c44253f-c4a3-4340-9d37-d41e42b9d14a/cb72828b-e635-49d1-9aaa-b9b4b12082e8/300x300.jpg
"Produits Laitiers, Œufs et Fromages",102a65f4-1b72-41d9-8d9b-ddf5ed8cc58f,MPX_4767289,Danone Yaourt Skyr Nature 0% Mg 4x100g,2.69,6.73,"['Produits Laitiers, Œufs et Fromages', 'Yaourts', 'Skyr']",Danone,True,False,false,1.0,WEEK,4 x 100g,[],https://courses.monoprix.fr/images-v3/0c44253f-c4a3-4340-9d37-d41e42b9d14a/40f9aaba-c24e-447a-a18a-b623cc61c771/300x300.jpg
"Produits Laitiers, Œufs et Fromages",51a050c9-1be5-4c7a-a399-1a547942121c,MPX_3418086,Les 2 Vaches Petits Suisses Aux Fruits Bio 6x50g,2.75,9.17,"['Bio', 'Crèmerie bio', 'Yaourt bio']",Les 2 vaches,True,False,false,1.0,WEEK,6 x 50g,['Produit bio'],https://courses.monoprix.fr/images-v3/0c44253f-c4a3-4340-9d37-d41e42b9d14a/a80ceb2e-3553-478d-a291-236aaea67a09/300x300.jpg
"Produits Laitiers, Œufs et Fromages",7f23fbcb-f0d7-419b-9d6a-e204da40a97a,MPX_888283,Candia - Grandlait - Lait demi écrémé - le pack 6x 1L,7.79,1.3,"['Nos sélections', 'Inspiration du moment', '& Sélection gros formats', 'Crèmerie']",Grandlait,True,False,false,1.0,MONTH,6 x 1L,[],https://courses.monoprix.fr/images-v3/0c44253f-c4a3-4340-9d37-d41e42b9d14a/7e29cf21-10a4-46f5-bcd6-f47e16a2502b/300x300.jpg
"Produits Laitiers, Œufs et Fromages",e66ba3b4-dce3-45a7-98b3-a32ad8de7d03,MPX_1640254,Monoprix Yaourt nature 4x125g,0.75,1.5,"['Nos sélections', 'Inspiration du moment', 'Nos coups de coeur Origine France']",Monoprix,True,False,false,1.0,WEEK,4 x 125g,[],https://courses.monoprix.fr/images-v3/0c44253f-c4a3-4340-9d37-d41e42b9d14a/12a0141e-1cd1-4506-9593-b41fc469014b/300x300.jpg
"Produits Laitiers, Œufs et Fromages",045a0702-9b4c-428b-ad8a-62c4894b4708,MPX_2409003,Charles & Alice Compote pommes abricots Bergeron 4x100g,1.99,4.98,"['Produits Laitiers, Œufs et Fromages', 'Desserts', 'Compotes fraîches']",Charles et alice,True,False,false,1.0,MONTH,4 x 100g,[],https://courses.monoprix.fr/images-v3/0c44253f-c4a3-4340-9d37-d41e42b9d14a/009ad657-d4db-415b-bffe-3d7e978c0a0c/300x300.jpg
"Produits Laitiers, Œufs et Fromages",5aef99eb-9fb4-4827-aea9-b9b2d42ebf11,MPX_1546111,Elle&vire Crème De Normandie Épaisse Entière 30% M.G.. 33cl,2.49,7.55,"['Produits Laitiers, Œufs et Fromages', 'Crèmes et Chantilly', 'Crème fraîche']",Elle & Vire,True,False,false,2.0,WEEK,330ml,[],https://courses.monoprix.fr/images-v3/0c44253f-c4a3-4340-9d37-d41e42b9d14a/6936cdf7-480e-4db5-beaa-225c768555b6/300x300.jpg
"Produits Laitiers, Œufs et Fromages",ebe539c5-2730-4e6b-83bb-0fb0d43397e7,MPX_64058,Fjord Yaourt Fromage Blanc Nature 4x125g,2.49,4.98,"['Produits Laitiers, Œufs et Fromages', 'Yaourts', 'Yaourts natures']",Fjord,True,False,false,1.0,WEEK,4 x 125g,[],https://courses.monoprix.fr/images-v3/0c44253f-c4a3-4340-9d37-d41e42b9d14a/8c492cfc-febd-4c0c-852a-cc847ff52c82/300x300.jpg
"Produits Laitiers, Œufs et Fromages",40406637-84e2-4645-be7c-79adbbf37049,MPX_1559544,Monoprix Gourmet ossau iraty AOP 180g,4.09,22.72,"['Noël', 'Les Pépites de Monoprix pour Noël', 'Les essentiels Monoprix Gourmet']",Monoprix Gourmet,True,False,false,2.0,WEEK,180g,[],https://courses.monoprix.fr/images-v3/0c44253f-c4a3-4340-9d37-d41e42b9d14a/7e824aa9-d0eb-48b6-8fde-92ed7880482b/300x300.jpg
"Produits Laitiers, Œufs et Fromages",3ab19a91-cba0-42e3-8691-8ca8611f5a66,MPX_3989032,Casa Azzurra Parmigiano Reggiano Râpé AOP 200g,4.99,24.95,"['Produits Laitiers, Œufs et Fromages', 'Fromages à cuisiner, raclettes et apéritifs', 'Fromages râpés']",Casa Azzurra,True,False,false,2.0,WEEK,200g,[],https://courses.monoprix.fr/images-v3/0c44253f-c4a3-4340-9d37-d41e42b9d14a/0ac1020d-cacb-4163-8f11-5d2f0f2378ad/300x300.jpg
"Produits Laitiers, Œufs et Fromages",45d684d0-0019-46b1-91ef-0c28dcd92580,MPX_1815738,Monoprix Fromage blanc 3% nature 8x100g,2.45,3.06,"['Nos sélections', 'Inspiration du moment', 'Nos coups de coeur Origine France']",Monoprix,True,False,false,1.0,WEEK,8 x 100g,[],https://courses.monoprix.fr/images-v3/0c44253f-c4a3-4340-9d37-d41e42b9d14a/2f5ab92c-968a-4b17-a58c-c79af194828a/300x300.jpg
"Produits Laitiers, Œufs et Fromages",a4aad8bc-7389-43d6-9eeb-f067b072581d,MPX_1245238,"Monoprix Bio Fromage Blanc 3,2% 4x100g",2.05,5.13,"['Bio', 'Crèmerie bio', 'Yaourt bio']",Monoprix Bio,True,False,false,1.0,WEEK,4 x 100g,['Produit bio'],https://courses.monoprix.fr/images-v3/0c44253f-c4a3-4340-9d37-d41e42b9d14a/a12dfc7a-c301-4672-937a-f0aeb8a43f1d/300x300.jpg
"Produits Laitiers, Œufs et Fromages",e1c64d30-6c27-4335-8d14-4f5e2296888f,MPX_2454980,Danone Yaourt Nature 4x125g,1.09,2.18,"['Produits Laitiers, Œufs et Fromages', 'Yaourts', 'Yaourts natures']",Danone,True,False,false,1.0,WEEK,4 x 125g,[],https://courses.monoprix.fr/images-v3/0c44253f-c4a3-4340-9d37-d41e42b9d14a/7460e6db-7a75-4e40-aebf-1ce2300b937e/300x300.jpg
"Produits Laitiers, Œufs et Fromages",9a362ac1-e049-4f9e-946b-af991be5a216,MPX_3513803,Siggi's Skyr 2% Mg Vanille 2x140g,2.99,10.68,"['Produits Laitiers, Œufs et Fromages', 'Yaourts', 'Skyr']",Siggi's,True,False,false,1.0,WEEK,2 x 140g,[],https://courses.monoprix.fr/images-v3/0c44253f-c4a3-4340-9d37-d41e42b9d14a/8536404c-44a4-4e80-a86b-e4978e6b2bfb/300x300.jpg
"Produits Laitiers, Œufs et Fromages",7a24b49b-9e1c-449e-8d8f-7c7beb483c7d,MPX_1965478,Fermiers de loué Œufs gros Bio élevées en liberté x4,3.35,0.84,"['Bio', 'Crèmerie bio', 'Œuf bio']",fermier de loué,True,False,false,1.0,WEEK,4 par pack,['Produit bio'],https://courses.monoprix.fr/images-v3/0c44253f-c4a3-4340-9d37-d41e42b9d14a/56b4246c-fc43-4fcb-bb56-85f9eadfd559/300x300.jpg
"Produits Laitiers, Œufs et Fromages",0d55b8cf-429f-44ea-9ee0-fcdbd671ce30,MPX_123280,"Monoprix Fromage blanc 2,8% de matière grasse 1kg",2.39,2.39,"['Nos sélections', 'Inspiration du moment', '& Sélection gros formats', 'Crèmerie']",Monoprix,True,False,false,1.0,WEEK,1kg,[],https://courses.monoprix.fr/images-v3/0c44253f-c4a3-4340-9d37-d41e42b9d14a/77507f39-98d2-44df-8537-2289c19c5dce/300x300.jpg
"Produits Laitiers, Œufs et Fromages",bd17ad19-35a2-4a9d-b529-833fcd0a2dec,MPX_2154220,Charles & Alice Desserts fruités pommes et mangues 4x100g,1.99,4.98,"['Produits Laitiers, Œufs et Fromages', 'Desserts', 'Compotes fraîches']",Charles et alice,True,False,false,3.0,WEEK,4 x 100g,[],https://courses.monoprix.fr/images-v3/0c44253f-c4a3-4340-9d37-d41e42b9d14a/5ebe3093-92f3-401d-b273-c9fb055a222f/300x300.jpg
"Produits Laitiers, Œufs et Fromages",42caef7b-06ec-4c08-9baa-745787b1a2d3,MPX_63582,Andros Compote de Pomme & Rhubarbe 4x100g,1.85,4.63,"['Produits Laitiers, Œufs et Fromages', 'Desserts', 'Compotes fraîches']",Andros,True,False,false,3.0,WEEK,4 x 100g,[],https://courses.monoprix.fr/images-v3/0c44253f-c4a3-4340-9d37-d41e42b9d14a/d4959c27-9590-4738-8846-99bf201ed9e2/300x300.jpg
"Produits Laitiers, Œufs et Fromages",4f8e892b-4ce3-4606-b950-1f752e915ade,MPX_1593976,La Laitière Crème aux œufs Vanille 4x100g,2.39,5.98,"['Produits Laitiers, Œufs et Fromages', 'Desserts', 'Crèmes aux oeufs']",LA LAITIERE,True,False,false,1.0,WEEK,4 x 100g,['Produit végétarien'],https://courses.monoprix.fr/images-v3/0c44253f-c4a3-4340-9d37-d41e42b9d14a/d17f9817-e0a3-4821-bcbb-7a7c5592c575/300x300.jpg
"Produits Laitiers, Œufs et Fromages",0816d0fb-44b9-4bd0-a893-4c14a64c030e,MPX_1816323,Monoprix Dés de feta nature la boîte de 130g ,2.79,21.46,"['Produits Laitiers, Œufs et Fromages', 'Fromages à cuisiner, raclettes et apéritifs', 'Mozza, Feta et Burrata']",Monoprix,True,False,false,2.0,WEEK,130g,[],https://courses.monoprix.fr/images-v3/0c44253f-c4a3-4340-9d37-d41e42b9d14a/f1b0a21f-6e59-460c-9abb-b6f4885da269/300x300.jpg
"Produits Laitiers, Œufs et Fromages",79d3c982-f98a-4313-8e33-ce4153932b36,MPX_3176418,La marque du conso lait demi-écrémé stérilisé le pack de 6x1L,7.62,1.27,"['Boissons et Lait', 'Lait', 'Lait UHT demi-écrémé']",LA MARQUE DU CONSOMMATEUR,True,False,false,1.0,MONTH,6 x 1L,[],https://courses.monoprix.fr/images-v3/0c44253f-c4a3-4340-9d37-d41e42b9d14a/7ca6cf75-e70e-4d9c-86f8-486a9da1680d/300x300.jpg
"Produits Laitiers, Œufs et Fromages",8789c656-2fe4-4bb2-b9ca-9527b1d9d5e4,MPX_1689804,Monoprix Fromage au lait de chèvre pasteurisé 200g,1.99,9.95,"['Nos sélections', 'Inspiration du moment', '& Frigo vide', 'Produits laitiers et Œufs']",Monoprix,True,False,false,1.0,WEEK,200g,[],https://courses.monoprix.fr/images-v3/0c44253f-c4a3-4340-9d37-d41e42b9d14a/5b0df030-d007-4a5b-85af-b192f76d1fbc/300x300.jpg
"Produits Laitiers, Œufs et Fromages",ec05eaa4-aded-4b04-b539-ff31e53fc4cf,MPX_4317297,Monoprix Gourmet Parmigiano reggiano parmesan copeaux AOP 90g,3.2,35.56,"['Produits Laitiers, Œufs et Fromages', 'Fromages à cuisiner, raclettes et apéritifs', 'Fromages râpés']",Monoprix Gourmet,True,False,false,2.0,WEEK,90g,[],https://courses.monoprix.fr/images-v3/0c44253f-c4a3-4340-9d37-d41e42b9d14a/538c9490-7dc7-4f7b-9a43-df145762a966/300x300.jpg
"Produits Laitiers, Œufs et Fromages",da75de24-8aee-4fb5-89b3-1c95c10261e8,MPX_3635642,Monoprix Oeufs de poules élevées en plein air x4,1.45,0.36,"['Nos sélections', 'Inspiration du moment', 'Nos coups de coeur Origine France']",Monoprix,True,False,false,1.0,WEEK,4 par pack,[],https://courses.monoprix.fr/images-v3/0c44253f-c4a3-4340-9d37-d41e42b9d14a/678bba92-6cdb-4be6-afce-87e85ac1b4ba/300x300.jpg
"Produits Laitiers, Œufs et Fromages",928a82b4-67a3-4c73-899b-7cfcb77c4d81,MPX_2456824,La Laitière Yaourt Arôme Citron 4x125g,2.29,4.58,"['Produits Laitiers, Œufs et Fromages', 'Yaourts', 'Yaourts aromatisés et aux fruits']",La laitière,True,False,false,1.0,WEEK,4 x 125g,[],https://courses.monoprix.fr/images-v3/0c44253f-c4a3-4340-9d37-d41e42b9d14a/ab760405-1863-4202-ba2d-35baad117f5e/300x300.jpg
"Produits Laitiers, Œufs et Fromages",c8daf315-e5d4-4f56-83fd-16153b4b8e8f,MPX_123285,Monoprix Emmental français râpé 100g,0.99,9.9,"['Nos sélections', 'Inspiration du moment', '& Frigo vide', 'Produits laitiers et Œufs']",Monoprix,True,False,false,3.0,WEEK,100g,[],https://courses.monoprix.fr/images-v3/0c44253f-c4a3-4340-9d37-d41e42b9d14a/4d2d5f7d-c5e2-4ff4-908c-e6acd0ad0d6c/300x300.jpg
"Produits Laitiers, Œufs et Fromages",6d8172fe-fbaf-484a-a863-09980284d64a,MPX_197838,Monoprix Bio crème fraîche entière 30% 20cl,1.79,8.95,"['Bio', 'Crèmerie bio', 'Crème bio']",Monoprix Bio,True,False,false,1.0,WEEK,200ml,['Produit bio'],https://courses.monoprix.fr/images-v3/0c44253f-c4a3-4340-9d37-d41e42b9d14a/c29ecfb5-0903-495a-ae8d-b5074a746cd1/300x300.jpg
"Produits Laitiers, Œufs et Fromages",84bd679a-2c02-4ba5-ab25-23a84e8d8ca0,MPX_4696701,Charles & alice compote de pomme sans sucre ajoutée 4x100g,1.99,4.98,"['Produits Laitiers, Œufs et Fromages', 'Desserts', 'Compotes fraîches']",Charles et alice,True,False,false,1.0,MONTH,400g,[],https://courses.monoprix.fr/images-v3/0c44253f-c4a3-4340-9d37-d41e42b9d14a/4b7b309c-904c-423e-baa7-ca45dad88715/300x300.jpg
"Produits Laitiers, Œufs et Fromages",917d2544-8cc7-4fbc-a726-85343340721a,MPX_2726667,Vrai Yaourt Nature Bio 4x125g,1.69,3.38,"['Bio', 'Crèmerie bio', 'Yaourt bio']",Vrai,True,False,false,1.0,WEEK,4 x 125g,['Produit bio'],https://courses.monoprix.fr/images-v3/0c44253f-c4a3-4340-9d37-d41e42b9d14a/5b0d46b1-cd64-4395-96c9-491a57e5fea8/300x300.jpg
"Produits Laitiers, Œufs et Fromages",14033af4-c5b9-47b4-8112-b10ddf02fbc7,MPX_2533159,Les 2 vaches Yaourt nature brassé bio 4x115g,1.69,3.67,"['Bio', 'Crèmerie bio', 'Yaourt bio']",Les 2 vaches,True,False,false,1.0,WEEK,4 x 115g,['Produit bio'],https://courses.monoprix.fr/images-v3/0c44253f-c4a3-4340-9d37-d41e42b9d14a/c3b15bdb-2fee-4df9-bbf7-c3d197741142/300x300.jpg
"Produits Laitiers, Œufs et Fromages",d8fbd03a-1625-4835-84e6-bf8ee5250cbd,MPX_2469795,Nestlé La Laitière Yaourt À La Vanille Madagascar 8x125g,3.89,3.89,"['Produits Laitiers, Œufs et Fromages', 'Yaourts', 'Yaourts aromatisés et aux fruits']",La laitière,True,False,false,1.0,WEEK,8 x 125g,[],https://courses.monoprix.fr/images-v3/0c44253f-c4a3-4340-9d37-d41e42b9d14a/1a358178-6313-4ef0-b307-1ad3e5831564/300x300.jpg
"Produits Laitiers, Œufs et Fromages",8411e61c-41b9-41d7-b3ee-dd1f59c3be61,MPX_3254475,Activia Probiotiques Yaourt Aux Fruits Fraise Bifidus 4x125g,2.25,4.5,"['Produits Laitiers, Œufs et Fromages', 'Yaourts', 'Yaourts aromatisés et aux fruits']",Activia,True,False,false,1.0,WEEK,4 x 125g,[],https://courses.monoprix.fr/images-v3/0c44253f-c4a3-4340-9d37-d41e42b9d14a/9b758d1c-c046-4e17-a03e-715a4271dfd1/300x300.jpg
"Produits Laitiers, Œufs et Fromages",7c47ee6f-aea0-4d2e-be9f-ab80c8966d85,MPX_65244,Candia - Grandlait - Lait frais entier de montagne - la bouteille de 1L,1.89,1.89,"['Boissons et Lait', 'Lait', 'Lait frais']",Grandlait,True,False,false,1.0,WEEK,1L,[],https://courses.monoprix.fr/images-v3/0c44253f-c4a3-4340-9d37-d41e42b9d14a/73f3360b-9aaf-468d-b88f-48da4b03c4f7/300x300.jpg
"Produits Laitiers, Œufs et Fromages",7119cd8d-34e8-4cbb-833a-6421cb884ed0,MPX_1252931,Monoprix Gourmet Billes di Bufala Campana AOP 125g,2.49,19.92,"['Produits Laitiers, Œufs et Fromages', 'Fromages à cuisiner, raclettes et apéritifs', 'Mozza, Feta et Burrata']",Monoprix Gourmet,True,False,false,1.0,WEEK,125g,[],https://courses.monoprix.fr/images-v3/0c44253f-c4a3-4340-9d37-d41e42b9d14a/df1f6dad-bafa-49a8-9d64-253104a774a6/300x300.jpg
"Produits Laitiers, Œufs et Fromages",722e3c8f-dc95-4fcc-b1a1-7e9069bf68cc,MPX_2442580,Elle&vire Le Beurre Tendre Demi-sel 250g,3.39,13.56,"['Produits Laitiers, Œufs et Fromages', 'Beurres et Margarines', 'Beurre demi-sel']",Elle & Vire,True,False,false,2.0,WEEK,250g,[],https://courses.monoprix.fr/images-v3/0c44253f-c4a3-4340-9d37-d41e42b9d14a/7c34e948-9f31-445a-b7bd-7f2fef16b574/300x300.jpg
"Produits Laitiers, Œufs et Fromages",99157b43-547b-4c88-935a-6c22d968dd03,MPX_2899577,Monoprix Bio Comté Râpé au Lait Cru 100g,2.65,26.5,"['Bio', 'Crèmerie bio', 'Fromage bio']",Monoprix Bio,True,False,false,2.0,WEEK,100g,['Produit bio'],https://courses.monoprix.fr/images-v3/0c44253f-c4a3-4340-9d37-d41e42b9d14a/5cea3d70-85c7-4190-9741-937c813924c2/300x300.jpg
"Produits Laitiers, Œufs et Fromages",a0f98ade-7167-4770-b16d-5c7e6770c697,MPX_723483,Monoprix Fromage blanc 0% nature 4x100g,1.39,3.48,"['Nos sélections', 'Inspiration du moment', 'Nos coups de coeur Origine France']",Monoprix,True,False,false,1.0,WEEK,4 x 100g,[],https://courses.monoprix.fr/images-v3/0c44253f-c4a3-4340-9d37-d41e42b9d14a/80b1e92d-dc7f-489c-afa8-c167793ddaca/300x300.jpg
"Produits Laitiers, Œufs et Fromages",ab254e22-e61b-4f36-8f43-cf199fd2d557,MPX_119289,Caprice Des Dieux Mini Fromage À Pâtes Molle x3 Boîtes 150g,3.49,23.27,"['Produits Laitiers, Œufs et Fromages', 'Fromages à déguster, à la coupe', 'Fromages enfants et portions individuelles']",Caprice des dieux,True,False,false,1.0,WEEK,150g,[],https://courses.monoprix.fr/images-v3/0c44253f-c4a3-4340-9d37-d41e42b9d14a/2942f753-77a9-41a3-ab2d-a959138b77d8/300x300.jpg
"Produits Laitiers, Œufs et Fromages",b47f8860-c7d1-42c3-ba59-60449314292d,MPX_3660263,C'est Qui Le Patron Beurre Demi Sel Bio 250gr,3.17,12.68,"['Bio', 'Crèmerie bio', 'Beurre bio']",C'Est Qui Le Patron?!,True,False,false,3.0,WEEK,250g,['Produit bio'],https://courses.monoprix.fr/images-v3/0c44253f-c4a3-4340-9d37-d41e42b9d14a/cc1ec3f4-240a-43bf-bbec-8127b59e4fd8/300x300.jpg
"Produits Laitiers, Œufs et Fromages",5a44adff-1f4e-4f3a-a098-c1d260de7560,MPX_2023134,Monoprix Ricotta 250g,1.39,5.56,"['Produits du monde', 'Italie - Italia', 'Mozzarella, Parmesan, Burrata et Ricotta']",Monoprix,True,False,false,1.0,WEEK,250g,[],https://courses.monoprix.fr/images-v3/0c44253f-c4a3-4340-9d37-d41e42b9d14a/ec700a74-d1fd-4494-acf7-645b39fc96bc/300x300.jpg
"Produits Laitiers, Œufs et Fromages",bda5e909-2794-48d2-baac-76f8f4bb6a70,MPX_63973,Rians Crème Brûlée À La Vanille Bourbon 2x100g,2.69,13.45,"['Produits Laitiers, Œufs et Fromages', 'Desserts', 'Crèmes aux oeufs']",Rians,True,False,false,1.0,WEEK,2 x 100g,[],https://courses.monoprix.fr/images-v3/0c44253f-c4a3-4340-9d37-d41e42b9d14a/4af290f6-765a-49c5-9a8a-504253fa13d9/300x300.jpg
"Produits Laitiers, Œufs et Fromages",ef1e6949-7036-44e1-97aa-2322324f4284,MPX_2440657,Elle & Vire Crème Fluide Entière 30% Mg 3x20cl,4.35,7.25,"['Produits Laitiers, Œufs et Fromages', 'Crèmes et Chantilly', 'Crème longue conservation']",Elle & vire,True,False,false,1.0,MONTH,3 x 20cl,[],https://courses.monoprix.fr/images-v3/0c44253f-c4a3-4340-9d37-d41e42b9d14a/2a7ee8ce-c0b5-4f9b-b9ec-b3b7a6920e49/300x300.jpg
"Produits Laitiers, Œufs et Fromages",8cd83594-7ca9-414c-869e-a06e3f00583a,MPX_3513801,Siggi's Skyr 2% Mg Myrtille 2x140g,3.09,11.04,"['Nos sélections', 'Inspiration du moment', '& Sélection petit déjeuner', 'Produits laitiers et œufs']",Siggi's,True,False,false,1.0,WEEK,2 x 140g,[],https://courses.monoprix.fr/images-v3/0c44253f-c4a3-4340-9d37-d41e42b9d14a/ab1b82b6-1cf0-44ff-b8ea-69d319b0b8fa/300x300.jpg
"Produits Laitiers, Œufs et Fromages",5a1923e8-6b99-4581-ae0c-f16fd338286f,MPX_2612089,Monoprix Crème Légère Semi-Épaisse 18% MG 3x20cl,2.75,4.58,"['Produits Laitiers, Œufs et Fromages', 'Crèmes et Chantilly', 'Crème longue conservation']",Monoprix,True,False,false,1.0,MONTH,3 x 20cl,[],https://courses.monoprix.fr/images-v3/0c44253f-c4a3-4340-9d37-d41e42b9d14a/67adfdae-1530-446d-b2ca-eb69d13c1149/300x300.jpg
"Produits Laitiers, Œufs et Fromages",ce442a37-9458-46b9-8e00-d8531f23fbfa,MPX_3174226,Danone Velouté Fruix Yaourt Aux Fruits Rouges Brassé 8x125g,3.69,3.69,"['Produits Laitiers, Œufs et Fromages', 'Yaourts', 'Yaourts aromatisés et aux fruits']",Danone velouté,True,False,false,1.0,WEEK,8 x 125g,[],https://courses.monoprix.fr/images-v3/0c44253f-c4a3-4340-9d37-d41e42b9d14a/240b55cc-c0b6-4999-ab55-de2e0c46a91f/300x300.jpg
"Produits Laitiers, Œufs et Fromages",55ef20c2-e1d9-4d4c-bac7-e437599ae458,MPX_6719893,Danone Cottage Cheese 2*180g,4.29,11.92,"['Produits Laitiers, Œufs et Fromages', 'Yaourts', 'Yaourts natures']",Danone,True,False,false,1.0,WEEK,2 x 180g,[],https://courses.monoprix.fr/images-v3/0c44253f-c4a3-4340-9d37-d41e42b9d14a/0759516a-d1ba-48c2-a9b6-2ae91ea132ba/300x300.jpg
"Produits Laitiers, Œufs et Fromages",98c62411-0e32-4252-bed3-5b9e1f6af987,MPX_1688221,Monoprix Gourmet Feta Affinée en Fût 200g,4.29,21.45,"['Nos sélections', 'Inspiration du moment', '& Les produits méditerranéens', 'Fromages']",Monoprix Gourmet,True,False,false,1.0,MONTH,200g,[],https://courses.monoprix.fr/images-v3/0c44253f-c4a3-4340-9d37-d41e42b9d14a/6db8e94a-b6bb-4ad8-b6a0-46080376aa5e/300x300.jpg
"Produits Laitiers, Œufs et Fromages",6ca2dd2f-0004-477a-856e-a8042f2b7804,MPX_1919314,Monoprix Gourmet Gouda Au Cumin 250g,2.88,11.5,"['Noël', 'Menu des fêtes', 'Les Fromages']",Monoprix,True,False,false,1.0,WEEK,250,[],https://courses.monoprix.fr/images-v3/0c44253f-c4a3-4340-9d37-d41e42b9d14a/75ccc88b-6bb0-4ecb-9493-e8cdce22ea8c/300x300.jpg
"Produits Laitiers, Œufs et Fromages",712d868e-2d67-4d02-bb9f-99562dc058f3,MPX_3858544,"Gervais petits suisses nature 3,9%MG 12x60g",2.19,3.04,"['Produits Laitiers, Œufs et Fromages', 'Yaourts', 'Yaourts natures']",Gervais,True,False,false,1.0,WEEK,12 x 60g,[],https://courses.monoprix.fr/images-v3/0c44253f-c4a3-4340-9d37-d41e42b9d14a/870855aa-fb1c-4259-af4b-14c17d281b04/300x300.jpg
"Produits Laitiers, Œufs et Fromages",fa6592c7-b0a5-4e83-999a-4e71e22c1c53,MPX_3254476,Activia Yaourt Aux Fruits Mangue Bifidus 4x125g,2.25,4.5,"['Produits Laitiers, Œufs et Fromages', 'Yaourts', 'Yaourts aromatisés et aux fruits']",Activia,True,False,false,1.0,WEEK,4 x 125g,[],https://courses.monoprix.fr/images-v3/0c44253f-c4a3-4340-9d37-d41e42b9d14a/db5b93d4-0c3b-4561-84bb-a77a221b7c26/300x300.jpg
"Produits Laitiers, Œufs et Fromages",d2ce318f-7dd9-42e1-a18d-b46c60aee38d,MPX_65953,Cœur De Lion Le Bon Brie 200g,2.29,11.45,"['Produits Laitiers, Œufs et Fromages', 'Fromages à déguster, à la coupe', 'Camembert, Brie et Coulommiers']",Coeur de lion,True,False,false,1.0,WEEK,200g,[],https://courses.monoprix.fr/images-v3/0c44253f-c4a3-4340-9d37-d41e42b9d14a/16b1efd8-801f-4774-a42f-58d37178e805/300x300.jpg
"Produits Laitiers, Œufs et Fromages",ea76b4a3-e7b5-4538-bef6-44590abe07ab,MPX_1031319,Andros Compote Pomme Framboise 4X100G,2.25,5.63,"['Produits Laitiers, Œufs et Fromages', 'Desserts', 'Compotes fraîches']",Andros,True,False,false,3.0,WEEK,4 x 100g,[],https://courses.monoprix.fr/images-v3/0c44253f-c4a3-4340-9d37-d41e42b9d14a/e590e75f-2de7-42fe-a516-c926be5941da/300x300.jpg
"Produits Laitiers, Œufs et Fromages",b556f7e8-9dd4-4081-926b-6da8d11df4d3,MPX_3045448,Andros Compote Pomme & Abricot 4x100g,1.95,4.88,"['Produits Laitiers, Œufs et Fromages', 'Desserts', 'Compotes fraîches']",Andros,True,False,false,3.0,WEEK,4 x 100g,[],https://courses.monoprix.fr/images-v3/0c44253f-c4a3-4340-9d37-d41e42b9d14a/7df3f5a5-2ce1-41e2-b86b-5000cfc42b52/300x300.jpg
"Produits Laitiers, Œufs et Fromages",37afa119-5ecb-4ce1-a756-85568f156f9e,MPX_63967,Président Beurre gastronomique doux 82% MG 250g,3.75,15.0,"['Produits Laitiers, Œufs et Fromages', 'Beurres et Margarines', 'Beurre doux']",Président,True,False,false,3.0,WEEK,250g,[],https://courses.monoprix.fr/images-v3/0c44253f-c4a3-4340-9d37-d41e42b9d14a/61a832d6-36b8-46d7-8f14-1777f99d9697/300x300.jpg
"Produits Laitiers, Œufs et Fromages",edf5eca5-4319-4d0b-bb12-a9f2ae8aff3a,MPX_3870818,"Oeuf De Poules Élevées Au Sol Moyen-Gros Calibre A, Sans Ogm Boîte De 10",2.29,0.23,"['Produits Laitiers, Œufs et Fromages', 'Œufs', 'Autres œufs']",NEUTRE,True,False,false,1.0,WEEK,10 par pack,[],https://courses.monoprix.fr/images-v3/0c44253f-c4a3-4340-9d37-d41e42b9d14a/40113cca-82a8-4245-b3a6-91ae759c0a2a/300x300.jpg
"Produits Laitiers, Œufs et Fromages",db76e309-5424-41d1-a375-2eea1a1cd868,MPX_3659600,Oatly Lait D'Avoine 1 L,2.89,2.89,"['Régimes alimentaires', 'Végétal', 'Boisson végétale']",Oatly,True,False,false,2.0,MONTH,1L,[],https://courses.monoprix.fr/images-v3/0c44253f-c4a3-4340-9d37-d41e42b9d14a/4c052104-a973-4697-8f19-d600fd7d77a7/300x300.jpg
"Produits Laitiers, Œufs et Fromages",8dcc6c60-77eb-4a7a-862c-15f2fdc6ba95,MPX_3476833,Paysan Breton Beurre Moulé Doux 250g,3.95,15.8,"['Produits Laitiers, Œufs et Fromages', 'Beurres et Margarines', 'Beurre doux']",Paysan breton,True,False,false,2.0,WEEK,250g,[],https://courses.monoprix.fr/images-v3/0c44253f-c4a3-4340-9d37-d41e42b9d14a/6326211f-c4b0-4021-b9ca-fc6e0516bb62/300x300.jpg
"Produits Laitiers, Œufs et Fromages",95afdb69-23d4-4841-a83e-9d4430d0e04a,MPX_2864333,Babybel Fromage Mini 6 Portions 132g,2.75,20.83,"['Produits Laitiers, Œufs et Fromages', 'Fromages à déguster, à la coupe', 'Fromages enfants et portions individuelles']",Babybel,True,False,false,2.0,WEEK,132g,[],https://courses.monoprix.fr/images-v3/0c44253f-c4a3-4340-9d37-d41e42b9d14a/f5eb69d5-6721-4020-877e-45f282624295/300x300.jpg
"Produits Laitiers, Œufs et Fromages",2b87e612-d510-4237-98cd-9a0fc3173c27,MPX_64010,Danette Crème Dessert Chocolat Noir Extra 4x125g,1.99,3.98,"['Produits Laitiers, Œufs et Fromages', 'Desserts', 'Crèmes desserts']",Danette,True,False,false,1.0,WEEK,4 x 125g,[],https://courses.monoprix.fr/images-v3/0c44253f-c4a3-4340-9d37-d41e42b9d14a/5f1cbcdb-ec73-48b6-ae72-31bb3dae0b90/300x300.jpg
"Produits Laitiers, Œufs et Fromages",4d01168c-d0cd-4423-b1e3-28bdd340b7e5,MPX_1243953,Monoprix Gourmet Saint-Félicien au lait cru 180g,3.09,17.17,"['Nos sélections', 'Inspiration du moment', 'Sélection Charcuterie et Fromage']",Monoprix Gourmet,True,False,false,1.0,WEEK,180g,[],https://courses.monoprix.fr/images-v3/0c44253f-c4a3-4340-9d37-d41e42b9d14a/162b23bc-cdc3-4c0c-b578-0499ab8f9131/300x300.jpg
"Produits Laitiers, Œufs et Fromages",f1113fa5-713c-43b1-95bb-c1c59bf658c7,MPX_3069827,Mavrommatis Yaourt Grec Au Lait De Vache 10% M.G. 1kg,5.99,5.99,"['Nos sélections', 'Inspiration du moment', '& Le Coin du marché', 'Fromage']",Mavrommatis,True,False,false,2.0,WEEK,1kg,[],https://courses.monoprix.fr/images-v3/0c44253f-c4a3-4340-9d37-d41e42b9d14a/7fcb4f48-8f8c-4c75-adc6-82b97ac039a9/300x300.jpg
"Produits Laitiers, Œufs et Fromages",323ab6f4-33af-4834-a3af-d8490c0255f7,MPX_64884,Bridélice Crème Fraîche Epaisse Légère 15% Pot 20cl,1.09,5.45,"['Produits Laitiers, Œufs et Fromages', 'Crèmes et Chantilly', 'Crème fraîche']",Bridélice,True,False,false,1.0,WEEK,200ml,[],https://courses.monoprix.fr/images-v3/0c44253f-c4a3-4340-9d37-d41e42b9d14a/43740d34-0cec-45f1-878a-7372a7239887/300x300.jpg
"Produits Laitiers, Œufs et Fromages",3fa1d3bb-35db-46ee-90f1-c574890e6daa,MPX_1472018,Andros Compote Pêche Morceaux généreux 4x100g,2.49,6.23,"['Produits Laitiers, Œufs et Fromages', 'Desserts', 'Compotes fraîches']",Andros,True,False,false,2.0,WEEK,4 x 100g,[],https://courses.monoprix.fr/images-v3/0c44253f-c4a3-4340-9d37-d41e42b9d14a/e0bf453e-438f-446c-a051-7f0cd948afd5/300x300.jpg
"Produits Laitiers, Œufs et Fromages",d08fc529-994a-4698-b48a-ad7ad486004a,MPX_1626863,Kiri Goûter Fromage 5 Barquettes 175g,2.69,15.37,"['Produits Laitiers, Œufs et Fromages', 'Fromages à déguster, à la coupe', 'Fromages enfants et portions individuelles']",Kiri,True,False,false,2.0,WEEK,175g,[],https://courses.monoprix.fr/images-v3/0c44253f-c4a3-4340-9d37-d41e42b9d14a/582ca935-768b-4d37-8b2c-2edd1cca3433/300x300.jpg
"Produits Laitiers, Œufs et Fromages",a1f2a29c-4d33-4270-a5e1-e781be1a0d5f,MPX_75556,Président Beurre gastronomique demi sel 80% MG 250g,3.65,14.6,"['Produits Laitiers, Œufs et Fromages', 'Beurres et Margarines', 'Beurre demi-sel']",Président,True,False,false,3.0,WEEK,250g,[],https://courses.monoprix.fr/images-v3/0c44253f-c4a3-4340-9d37-d41e42b9d14a/53e3cfbf-221d-4866-a791-6e90f2f14da4/300x300.jpg
"Produits Laitiers, Œufs et Fromages",f4f1d325-e38d-4645-8a45-fece088fa338,MPX_2599697,Nestlté La Laitière Maronsui's L'Original Mousse Crème De Marrons 4x68.8g,2.19,7.96,"['Produits Laitiers, Œufs et Fromages', 'Desserts', 'Crèmes desserts']",La laitière,True,False,false,1.0,WEEK,4 x 68.8g,[],https://courses.monoprix.fr/images-v3/0c44253f-c4a3-4340-9d37-d41e42b9d14a/323e9fa6-3ecb-4a6f-b37b-59a1d6e68b4c/300x300.jpg
"Produits Laitiers, Œufs et Fromages",4e48a682-80a1-44a5-9844-f30d9b42f600,MPX_64419,Chavroux Fromage De Chèvre Nature En Pot 150g,3.09,20.6,"['Produits Laitiers, Œufs et Fromages', 'Fromages à cuisiner, raclettes et apéritifs', 'Fromages à tartiner']",Chavroux,True,False,false,2.0,WEEK,150g,[],https://courses.monoprix.fr/images-v3/0c44253f-c4a3-4340-9d37-d41e42b9d14a/87b6f6d3-bfc7-42d3-b62c-1122a3f4fbbf/300x300.jpg
"Produits Laitiers, Œufs et Fromages",91fb0575-4316-49a3-8cb2-da8dc612aefc,MPX_3418120,YAOS Yaourt à la Grecque nature 8x125g,4.15,4.15,"['Produits Laitiers, Œufs et Fromages', 'Yaourts', 'Yaourts natures']",Nestlé,True,False,false,1.0,WEEK,8 x 125g,['Produit végétarien'],https://courses.monoprix.fr/images-v3/0c44253f-c4a3-4340-9d37-d41e42b9d14a/264d9c85-1970-4b75-b01a-7e547358fb36/300x300.jpg
"Produits Laitiers, Œufs et Fromages",96405dd9-f02c-45d5-94b1-1d5d47a51c46,MPX_3254472,Activia Yaourt aux fruits poire bifidus 4x125g,2.25,4.5,"['Produits Laitiers, Œufs et Fromages', 'Yaourts', 'Yaourts aromatisés et aux fruits']",Danone,True,False,false,1.0,WEEK,4 x 125g,[],https://courses.monoprix.fr/images-v3/0c44253f-c4a3-4340-9d37-d41e42b9d14a/ca990948-2cb8-4c3d-967e-68ba37d663fb/300x300.jpg
"Produits Laitiers, Œufs et Fromages",c1c3dda8-f027-4389-b138-0d61a9bbc93a,MPX_2713953,Les 2 Vaches Yaourt Aux Fruits Framboise Délicate Bio 4x115g,2.59,5.63,"['Bio', 'Crèmerie bio', 'Yaourt bio']",Les 2 vaches,True,False,false,1.0,WEEK,4 x 115g,['Produit bio'],https://courses.monoprix.fr/images-v3/0c44253f-c4a3-4340-9d37-d41e42b9d14a/17302053-9760-45ae-903b-00f233789133/300x300.jpg
"Produits Laitiers, Œufs et Fromages",4ad95d1f-af4b-4455-8632-f9511b6b7f3f,MPX_2974591,Paysan Breton Mme Loïk Fromage Fouetté Au Sel 320G,3.99,12.47,"['Produits Laitiers, Œufs et Fromages', 'Fromages à cuisiner, raclettes et apéritifs', 'Fromages à tartiner']",Paysan Breton,True,False,false,2.0,WEEK,320g,[],https://courses.monoprix.fr/images-v3/0c44253f-c4a3-4340-9d37-d41e42b9d14a/d6864b64-c80e-4b99-8dfa-60bd5e92e4f8/300x300.jpg
"Produits Laitiers, Œufs et Fromages",c977b41e-dbda-404f-8b78-6aa71c3a0c3a,MPX_2046684,"Monoprix Bio Petits fromages frais 3,8% 6x60g",2.09,5.81,"['Bio', 'Crèmerie bio', 'Yaourt bio']",Monoprix Bio,True,False,false,1.0,WEEK,6 x 60g,[],https://courses.monoprix.fr/images-v3/0c44253f-c4a3-4340-9d37-d41e42b9d14a/690a6845-eabc-4b63-a64d-8d761e301bea/300x300.jpg
"Produits Laitiers, Œufs et Fromages",ddecc5d8-78f1-49b7-90fb-2e76af6109da,MPX_2974590,Paysan Breton Madame Loïc Fromage Nature Au Sel De Guérande 180g,2.79,15.5,"['Produits Laitiers, Œufs et Fromages', 'Fromages à cuisiner, raclettes et apéritifs', 'Fromages à tartiner']",Paysan breton,True,False,false,3.0,WEEK,180g,[],https://courses.monoprix.fr/images-v3/0c44253f-c4a3-4340-9d37-d41e42b9d14a/7bcdbcc9-9f89-4225-9766-f14d436e929c/300x300.jpg
"Produits Laitiers, Œufs et Fromages",6a847f9c-7fb5-47ed-9e0f-ff7c4f52ee4c,MPX_1467353,Les 2 Vaches Yaourt Aux Fruits Myrtille Bio 4x115g,2.55,5.54,"['Bio', 'Crèmerie bio', 'Yaourt bio']",Les 2 vaches,True,False,false,1.0,WEEK,4 x 115g,['Produit bio'],https://courses.monoprix.fr/images-v3/0c44253f-c4a3-4340-9d37-d41e42b9d14a/6d5942cc-b77f-4940-93be-cc39896d67f2/300x300.jpg
"Produits Laitiers, Œufs et Fromages",78192156-78b8-4277-b9a0-af574defe43e,MPX_1419259,Monoprix purée pommes et poires sans sucres 4x100g,1.49,3.73,"['Nos sélections', 'Inspiration du moment', '& Sélection petit déjeuner', 'Epicerie sucrée']",Monoprix,True,False,false,2.0,MONTH,4 x 100g,[],https://courses.monoprix.fr/images-v3/0c44253f-c4a3-4340-9d37-d41e42b9d14a/84ba2675-7380-43d3-95d8-281be939a5e4/300x300.jpg
"Produits Laitiers, Œufs et Fromages",c2ebcaf3-fe50-4ede-bb5d-bc5851f03b42,MPX_4378928,Perle de lait nature yaourt brassé pots 8x125g,3.99,3.99,"['Produits Laitiers, Œufs et Fromages', 'Yaourts', 'Yaourts natures']",Yoplait,True,False,false,1.0,WEEK,8 x 125g,[],https://courses.monoprix.fr/images-v3/0c44253f-c4a3-4340-9d37-d41e42b9d14a/1346e7c1-b3db-4e9f-813d-ac40fecbb127/300x300.jpg
"Produits Laitiers, Œufs et Fromages",efaa234c-0bb4-4307-81bd-99f2c41cb4cc,MPX_798646,Bridel Lait Pasteurisé Bio Breton Demi-écrémé 1l,2.25,2.25,"['Bio', 'Crèmerie bio', 'Lait bio']",Bridel,True,False,false,1.0,WEEK,1kg,[],https://courses.monoprix.fr/images-v3/0c44253f-c4a3-4340-9d37-d41e42b9d14a/bbd5b8f9-6ced-48ba-bfa3-79fb212d2da1/300x300.jpg
"Produits Laitiers, Œufs et Fromages",811873cd-bdd4-46d9-b43d-9b2f5e8b68d4,MPX_3034220,Bridélice Crème Fraîche Epaisse Légère 15% Pot 50cl,2.25,4.5,"['Produits Laitiers, Œufs et Fromages', 'Crèmes et Chantilly', 'Crème fraîche']",Bridélice,True,False,false,2.0,WEEK,500ml,[],https://courses.monoprix.fr/images-v3/0c44253f-c4a3-4340-9d37-d41e42b9d14a/a0e2f2fa-0af6-484b-81f1-6a6884433e06/300x300.jpg
"Produits Laitiers, Œufs et Fromages",608ca984-1ceb-43d5-9744-41a2008ea161,MPX_1120136,Monoprix beurre doux 125g,1.79,14.32,"['Nos sélections', 'Inspiration du moment', ""& La pâtisserie c'est du gâteau"", 'Produits laitiers et œufs']",Monoprix,True,False,false,2.0,WEEK,125g,[],https://courses.monoprix.fr/images-v3/0c44253f-c4a3-4340-9d37-d41e42b9d14a/e0c97af7-17df-40d9-b862-06801a105353/300x300.jpg
"Produits Laitiers, Œufs et Fromages",27a27eb9-eaba-427d-9963-2fe71ba93392,MPX_3476832,Paysan Breton Beurre Moulé Demi-sel 250g,3.95,15.8,"['Produits Laitiers, Œufs et Fromages', 'Beurres et Margarines', 'Beurre demi-sel']",Paysan breton,True,False,false,2.0,WEEK,250g,[],https://courses.monoprix.fr/images-v3/0c44253f-c4a3-4340-9d37-d41e42b9d14a/f825b755-125d-46da-865f-23d2139baa5a/300x300.jpg
Promotions,cc1ef203-11e2-4f2a-a64d-b28250978acd,MPX_2638867,Président Beurre Gastronomique doux 82% MG Plaquette 250g,2.99,11.96,"['Promotions', 'Les promos à ne pas manquer', 'Beurre Président, 50% sur le 2ème']",President,True,False,false,3.0,WEEK,250g,[],https://courses.monoprix.fr/images-v3/0c44253f-c4a3-4340-9d37-d41e42b9d14a/60ab82de-75bc-45b2-ade5-d9a3016b64d3/300x300.jpg
Promotions,5b9af542-577c-4efe-8161-08ab9939e2be,MPX_2809731,Lindt Excellence Tablette Chocolat Noir 70 % De Cacao 100g,1.99,19.9,"['Promotions', 'Les promos à ne pas manquer', 'Le 2ème à moins 50%']",Lindt,True,False,false,2.0,MONTH,100g,[],https://courses.monoprix.fr/images-v3/0c44253f-c4a3-4340-9d37-d41e42b9d14a/7fde4a00-0cec-4034-93b5-801401f58d40/300x300.jpg
Promotions,a6f24b11-8034-422c-9438-9a4ebf70a8bf,MPX_4093225,Kleenex papier toilette coussiné x6,4.49,0.75,"['Entretien & Nettoyage', 'Essuie tout et Papier toilette', 'Papier toilette', 'Par 6']",Kleenex,True,False,false,,,6 par pack,[],https://courses.monoprix.fr/images-v3/0c44253f-c4a3-4340-9d37-d41e42b9d14a/a5e2d194-8d1a-4949-a295-b9831011ad57/300x300.jpg
Promotions,e1a25f0c-8214-4595-b84b-e26901819069,MPX_2443497,Lindt Tablette Excellence Noir À La Pointe De Fleur De Sel 100g,2.19,21.9,"['Promotions', 'Les promos à ne pas manquer', 'Le 2ème à moins 50%']",Lindt,True,False,false,2.0,MONTH,100g,[],https://courses.monoprix.fr/images-v3/0c44253f-c4a3-4340-9d37-d41e42b9d14a/fb74cf8a-f78b-402d-816f-2a0451346c52/300x300.jpg
Promotions,f21ab9d1-0f53-4771-a14b-29ef681c4499,MPX_2809732,Lindt Excellence Tablette Chocolat Noir 85% De Cacao 100g,1.99,19.9,"['Promotions', 'Les promos à ne pas manquer', 'Le 2ème à moins 50%']",Lindt,True,False,false,2.0,MONTH,100g,[],https://courses.monoprix.fr/images-v3/0c44253f-c4a3-4340-9d37-d41e42b9d14a/89fdf42e-cbd3-4180-9cf8-9fe7c8f30db1/300x300.jpg
Promotions,e9fbe63d-4826-42d1-a5b5-e5b0ac465bdc,MPX_1180595,"Wattwiller Eau Minérale Naturelle 6x1,5L",4.59,0.51,"['Boissons et Lait', 'Eau', 'Eau plate']",WATTWILLER,True,False,false,1.0,MONTH,6 x 1.5L,[],https://courses.monoprix.fr/images-v3/0c44253f-c4a3-4340-9d37-d41e42b9d14a/5fd31b6f-8c2a-47d3-96b4-ed3d7bbaffac/300x300.jpg
Promotions,79e5b6d7-638f-457d-8086-2d1b6831ab0c,MPX_2443467,Lindt Excellence Tablette Chocolat Lait Extra-Fondant 100g,1.99,19.9,"['Promotions', 'Les promos à ne pas manquer', 'Le 2ème à moins 50%']",Lindt,True,False,false,2.0,MONTH,100g,[],https://courses.monoprix.fr/images-v3/0c44253f-c4a3-4340-9d37-d41e42b9d14a/d3f5104a-657e-44de-8028-844526808b88/300x300.jpg
Promotions,60389211-3c0a-4051-aea6-a44a4a4fa7a4,MPX_1834727,Monoprix Madeleines Longues Natures Aux Oeufs Frais X16,1.05,4.77,"['Promotions', 'Promo Epicerie', 'Promo Epicerie Sucrée']",Monoprix,True,False,false,1.0,MONTH,220g,[],https://courses.monoprix.fr/images-v3/0c44253f-c4a3-4340-9d37-d41e42b9d14a/c31387d7-8406-4f26-94b6-4e2c21d06968/300x300.jpg
Promotions,08829b8b-79cf-4791-8fbd-3099ebffcd53,MPX_163027,Monoprix Olives vertes dénoyautées 160g,1.29,8.06,"['Nos sélections', 'Inspiration du moment', '& Barbecue', 'Epicerie salée']",Monoprix,True,False,false,1.0,YEAR,160g,[],https://courses.monoprix.fr/images-v3/0c44253f-c4a3-4340-9d37-d41e42b9d14a/062f3bad-1084-4825-bb04-5a62ef2c598c/300x300.jpg
Promotions,cb2a8a52-463c-43b1-8bf0-0d7d869b0033,MPX_2454314,Perrier Eau Minérale Naturelle Gazeuse 6x33cl,3.19,1.61,"['Boissons et Lait', 'Eau', 'Eau gazeuse']",Perrier,True,False,false,1.0,MONTH,6 x 33cl,[],https://courses.monoprix.fr/images-v3/0c44253f-c4a3-4340-9d37-d41e42b9d14a/49c2206b-434e-4d16-8038-8c17f8438a4c/300x300.jpg
Promotions,de0a3818-50de-4e28-968c-b22ccaaa3108,MPX_4246668,Monoprix Haché En Vrac 5% Mg 350g,5.69,16.26,"['Boucherie et Volaille', 'Boucherie', 'Viandes hachées et farces']",Monoprix,True,False,false,2.0,DAY,350g,[],https://courses.monoprix.fr/images-v3/0c44253f-c4a3-4340-9d37-d41e42b9d14a/54e69d4a-0983-4876-a1ae-c3596e46d3fd/300x300.jpg
Promotions,7c180e33-1641-453d-a8a0-f160ddbf9d22,MPX_4246664,Monoprix Steak Hachés 5% 2X125G,4.15,16.6,"['Boucherie et Volaille', 'Boucherie', 'Viandes hachées et farces']",Monoprix,True,False,false,2.0,DAY,250g,[],https://courses.monoprix.fr/images-v3/0c44253f-c4a3-4340-9d37-d41e42b9d14a/95de63d8-5f46-4e96-9924-0889e6c00950/300x300.jpg
Promotions,3b5941c2-ae78-4888-93c3-c36c2f7ae818,MPX_1111204,Matin Leger Lait Sans Lactose 6x1L,12.49,2.08,"['Boissons et Lait', 'Lait', 'Lait UHT demi-écrémé']",Matin leger,True,False,false,4.0,WEEK,6 x 1L,[],https://courses.monoprix.fr/images-v3/0c44253f-c4a3-4340-9d37-d41e42b9d14a/a86b8ad3-1998-44d0-a591-408508857693/300x300.jpg
Promotions,f58c5751-abf7-4a25-9975-8bf0b6123b20,MPX_2653158,Naturalia Oeufs Frais Bio x10,4.5,0.45,"['Naturalia', 'Crèmerie', 'Oeufs']",NATURALIA,True,False,false,1.0,WEEK,10 par pack,['Produit bio'],https://courses.monoprix.fr/images-v3/0c44253f-c4a3-4340-9d37-d41e42b9d14a/b87f3a39-1684-4b1c-8937-0015177c924d/300x300.jpg
Promotions,ac77c25d-8c1c-4bc0-83b2-8d8dee4907b4,MPX_1894583,Granola Cookies aux gros éclats de Chocolat 184g,2.35,12.77,"['Nos sélections', 'Boutique Enfants', 'Pour le goûter de vos enfants', 'Biscuit et Goûter']",Granola,True,False,false,2.0,MONTH,184g,[],https://courses.monoprix.fr/images-v3/0c44253f-c4a3-4340-9d37-d41e42b9d14a/773f4ed1-06f8-41cf-944a-bb6c84e0aff6/300x300.jpg
Promotions,a6a428d4-75de-423a-8e88-54eb5d34431c,MPX_4042014,Lu Napolitain L'Original Gâteaux au Chocolat 180g,1.99,11.06,"['Promotions', 'Les promos à ne pas manquer', 'Le 2ème à moins 50%']",Napolitain,True,False,false,1.0,MONTH,6 x 30g,[],https://courses.monoprix.fr/images-v3/0c44253f-c4a3-4340-9d37-d41e42b9d14a/46675aac-b56b-43c8-b6c6-70e4b4cdaf3d/300x300.jpg
Promotions,a691f4ea-6024-42ab-9b23-57320d77d38e,MPX_3648532,Monoprix Farine De Blé Type 55 1kg,0.99,0.99,"['Nos sélections', 'Inspiration du moment', ""& La pâtisserie c'est du gâteau"", 'Sucre, Farine et Aide à la pâtisserie']",MONOPRIX,True,False,false,2.0,MONTH,1kg,[],https://courses.monoprix.fr/images-v3/0c44253f-c4a3-4340-9d37-d41e42b9d14a/a0c8c183-9bbf-40dc-ade3-0f0456ab02bb/300x300.jpg
Promotions,b2e6cae1-0ef1-4ae4-9d68-af5ab97ac4ee,MPX_2118481,Lindt Excellence Tablette Chocolat Noir Subtil 70 % De Cacao 100g,1.99,19.9,"['Promotions', 'Les promos à ne pas manquer', 'Le 2ème à moins 50%']",Lindt,True,False,false,2.0,MONTH,100g,[],https://courses.monoprix.fr/images-v3/0c44253f-c4a3-4340-9d37-d41e42b9d14a/68c1850e-00e8-4dcd-b25c-2b84dd4cc447/300x300.jpg
Promotions,08044450-ef00-4578-9edc-57f10efaafe5,MPX_2810343,Lindt Excellence Tablette Chocolat Noir Orange Intense 100g,1.99,19.9,"['Promotions', 'Les promos à ne pas manquer', 'Le 2ème à moins 50%']",Lindt,True,False,false,2.0,MONTH,100g,[],https://courses.monoprix.fr/images-v3/0c44253f-c4a3-4340-9d37-d41e42b9d14a/750ba45c-713a-4364-a6dd-3da7be35e874/300x300.jpg
Promotions,67d23a9c-9f2f-407f-ad35-d9797e0bc229,MPX_3416695,Cassegrain Haricots verts très fins coupés 330g,2.55,11.59,"['Promotions', 'Les promos à ne pas manquer', 'Le 2ème à moins 50%']",Cassegrain,True,False,false,1.0,YEAR,220g,['Produit vegan'],https://courses.monoprix.fr/images-v3/0c44253f-c4a3-4340-9d37-d41e42b9d14a/64230ff2-02b6-42aa-aa67-1ababc351653/300x300.jpg
Promotions,11eef64e-efa2-45e3-ba42-eef70f2826aa,MPX_2837890,Carte Noire Café Moulu Arôme Intense 3 x 250g,13.5,18.0,"['Epicerie Sucrée', 'Café, Thé et Boisson chaude', 'Café', 'Moulu, Arabica, Robusta']",Carte Noire,True,False,false,2.0,MONTH,3 x 250g,[],https://courses.monoprix.fr/images-v3/0c44253f-c4a3-4340-9d37-d41e42b9d14a/b50079b7-66bf-48fe-a097-d1eae6fc0a9f/300x300.jpg
Promotions,b03b52bc-2d8a-436d-a1e5-37ba3ee6d5f6,MPX_3954590,Rummo Sauce Tomates et Basilic 340g,2.99,8.79,"['Produits du monde', 'Italie - Italia', 'Sauces']",RUMMO,True,False,false,1.0,YEAR,340g,[],https://courses.monoprix.fr/images-v3/0c44253f-c4a3-4340-9d37-d41e42b9d14a/37238fdc-86ad-4f5b-affc-653e8ae1c77d/300x300.jpg
Promotions,f542c3df-c261-42f5-8ae8-71662626f590,MPX_3207686,"Fuzetea thé noir pêche intense 1,25l",2.39,1.91,"['Promotions', 'Les promos à ne pas manquer', 'Le 2ème à moins 50%']",Fuzetea,True,False,false,1.0,MONTH,1.25L,[],https://courses.monoprix.fr/images-v3/0c44253f-c4a3-4340-9d37-d41e42b9d14a/e4dc31bd-ea9a-4cab-ae3a-8c12d4e3dffd/300x300.jpg
Promotions,965a3b14-c4dd-43f8-a918-23c9518505d4,MPX_2456284,"Auvernou Mini Sticks Saucisson Sec Nature x10, 100g",3.65,36.5,"['Charcuterie et Traiteur', 'Charcuterie', 'Saucisson sec et Chorizo', 'Saucisson sec']",AUVERNOU,True,False,false,4.0,WEEK,100g,[],https://courses.monoprix.fr/images-v3/0c44253f-c4a3-4340-9d37-d41e42b9d14a/96642262-95fb-4551-b20a-41fbf582de03/300x300.jpg
Promotions,2843f714-222b-483f-baf8-9e4896c31544,MPX_6718855,Sun Tablette Lave-Vaisselle Tout en 1 *46 759g,11.29,14.87,"['Entretien & Nettoyage', 'Produits Nettoyants et Multi Usages', 'Produit Vaisselle', 'Tablette et dose lave vaisselle']",Sun,True,False,false,,,759g,[],https://courses.monoprix.fr/images-v3/0c44253f-c4a3-4340-9d37-d41e42b9d14a/89c2daad-7eb9-4778-89fd-4e97b3a8ae98/300x300.jpg
Promotions,72e78414-2388-4c7f-a6d2-38c6ca7888d9,MPX_2838764,Côte D'Or Tablette Chocolat Noir Aux Noisettes Entières 180g,3.45,19.17,"['Promotions', 'Les promos à ne pas manquer', 'Le 2ème à moins 50%']",Côte d'Or,True,False,false,2.0,MONTH,180g,[],https://courses.monoprix.fr/images-v3/0c44253f-c4a3-4340-9d37-d41e42b9d14a/c5598c2e-af57-4e06-b22f-f8a5c76b1aa9/300x300.jpg
Promotions,d75e8cb7-5c79-4964-a4a4-a34a46a343b6,MPX_3648530,Monoprix Farine De Blé Fluide Type 45 1kg,1.29,1.29,"['Nos sélections', 'Inspiration du moment', ""& La pâtisserie c'est du gâteau"", 'Sucre, Farine et Aide à la pâtisserie']",MONOPRIX,True,False,false,2.0,MONTH,1kg,[],https://courses.monoprix.fr/images-v3/0c44253f-c4a3-4340-9d37-d41e42b9d14a/d715f502-bc02-4623-ba1f-1d1855a716c8/300x300.jpg
Promotions,950254c9-0aa5-4a07-9c2c-04d13ff09be5,MPX_3071497,Parmareggio Reggiano Râpé Frais Aop 60g,2.09,34.83,"['Promotions', 'Les promos à ne pas manquer', 'Parmesan Parmareggio, 50% sur le 2ème']",Entremont,True,False,false,4.0,WEEK,60g,[],https://courses.monoprix.fr/images-v3/0c44253f-c4a3-4340-9d37-d41e42b9d14a/806076f0-4015-4590-a40c-82cf781dd2b4/300x300.jpg
Promotions,678f08c0-8f27-46f7-aba3-545ea7489dd0,MPX_33659,Perrier Eau Minérale Naturelle Gazeuse 8x20cl,4.39,2.74,"['Boissons et Lait', 'Eau', 'Eau gazeuse']",Perrier,True,False,false,1.0,MONTH,8 x 20cl,[],https://courses.monoprix.fr/images-v3/0c44253f-c4a3-4340-9d37-d41e42b9d14a/ebe66d32-6894-484e-a5e0-acc4032d86a9/300x300.jpg
Promotions,d4da7e9a-8676-4fc0-8d64-deed7ed20e3a,MPX_2838715,Côte D'Or Tablette Chocolat Au Lait Noisettes Entières 180g,3.55,19.72,"['Promotions', 'Les promos à ne pas manquer', 'Le 2ème à moins 50%']",Cote D'Or,True,False,false,2.0,MONTH,180g,[],https://courses.monoprix.fr/images-v3/0c44253f-c4a3-4340-9d37-d41e42b9d14a/3bff5763-1e91-4a6b-8fd1-e554ffe8c800/300x300.jpg
Promotions,fccc23a3-96a3-4886-8c10-a6095e9c1f68,MPX_6712455,Lenor Adoucissant Envolée d'Air 40 Lavages 840ml,4.99,5.94,"['Entretien & Nettoyage', 'Lessive et soin du linge', 'Adoucissant', 'Concentré']",Lenor,True,False,false,,,840ml,[],https://courses.monoprix.fr/images-v3/0c44253f-c4a3-4340-9d37-d41e42b9d14a/1d1d5e87-1248-4d9b-b569-daf980d1028c/300x300.jpg
Promotions,d3780818-beea-446c-99b0-c7a6204724a2,MPX_6630699,L'Or espresso delizioso café en capsules x50 intensite 5 - 260g,14.5,55.77,"['Epicerie Sucrée', 'Café, Thé et Boisson chaude', 'Café', 'Compatible Nespresso']",L'Or,True,False,false,2.0,MONTH,260g,[],https://courses.monoprix.fr/images-v3/0c44253f-c4a3-4340-9d37-d41e42b9d14a/a5c18518-bba7-4b5a-aa41-83273f0f2037/300x300.jpg
Promotions,d6ed0673-50b2-4de7-b51c-b0ba6aecadaf,MPX_3379565,Cassegrain Petits Pois & Carottes 265G,2.19,8.26,"['Promotions', 'Les promos à ne pas manquer', 'Le 2ème à moins 50%']",Cassegrain,True,False,false,1.0,YEAR,265g,['Produit vegan'],https://courses.monoprix.fr/images-v3/0c44253f-c4a3-4340-9d37-d41e42b9d14a/935f8a56-98db-4b56-bf23-8ce61c6366a3/300x300.jpg
Promotions,828033a5-19c5-45e6-85d2-6b1564ca20f4,MPX_6500929,Swiffer duster plumeau attrape poussières x9,8.99,8.99,"['Entretien & Nettoyage', 'Accessoire menager', 'Balais, serpillères et seaux']",Swiffer,True,False,false,,,,[],https://courses.monoprix.fr/images-v3/0c44253f-c4a3-4340-9d37-d41e42b9d14a/60adb6f6-5923-4dd6-96a4-995f9db13cef/300x300.jpg
Promotions,ebcda2af-33d2-4a7b-b6f7-148b0393360f,MPX_2560383,Monoprix Gourmet Bresaola Viande de Boeuf Séchée. I.G.P. 80g,6.65,83.13,"['Nos sélections', 'Inspiration du moment', 'Sélection Charcuterie et Fromage']",Monoprix Gourmet,True,False,false,2.0,WEEK,80g,[],https://courses.monoprix.fr/images-v3/0c44253f-c4a3-4340-9d37-d41e42b9d14a/5f6548cc-2c4a-4858-a553-d0f9de684b8a/300x300.jpg
Promotions,e1115488-afb6-4cc2-83b9-68a6208c6db9,MPX_1760975,Lindt Excellence Tablette Chocolat Noir Prodigieux 90% De Cacao 100g,2.45,24.5,"['Promotions', 'Les promos à ne pas manquer', 'Le 2ème à moins 50%']",Lindt,True,False,false,2.0,MONTH,100g,[],https://courses.monoprix.fr/images-v3/0c44253f-c4a3-4340-9d37-d41e42b9d14a/66c7892e-e465-4404-ae7d-07612ce46f58/300x300.jpg
Promotions,e6a8d869-9d4a-4c6a-af7e-de149cc60924,MPX_4043242,Labeyrie Saumon Atlantique Fumé Bio 110g,9.49,86.27,"['Produits de la Mer', 'Traiteur de la Mer', 'Saumons et truites fumées']",Labeyrie,True,False,false,1.0,WEEK,110g,['Produit bio'],https://courses.monoprix.fr/images-v3/0c44253f-c4a3-4340-9d37-d41e42b9d14a/d45feaef-5647-47c5-b4fd-22fcbc478f19/300x300.jpg
Promotions,19efa224-0fc6-497e-948f-7f371fc461a0,MPX_156056,Monoprix Huile de Tournesol 1L,3.09,3.09,"['Promotions', 'Promo Epicerie', 'Promo Epicerie Salée']",Monoprix,True,False,false,2.0,MONTH,1L,[],https://courses.monoprix.fr/images-v3/0c44253f-c4a3-4340-9d37-d41e42b9d14a/0e4f312c-ecd5-4a30-a9d1-9e188c55ca74/300x300.jpg
Promotions,6c7f3077-8d35-4f28-8d0b-300ec873c68f,MPX_6630698,L'Or espresso splendente café en capsules x50 intensite 7 - 260g,14.5,55.77,"['Epicerie Sucrée', 'Café, Thé et Boisson chaude', 'Café', 'Compatible Nespresso']",L'Or,True,False,false,2.0,MONTH,260g,[],https://courses.monoprix.fr/images-v3/0c44253f-c4a3-4340-9d37-d41e42b9d14a/b51aaa49-854e-4e14-95b3-f52db0031fbf/300x300.jpg
Promotions,30597582-0438-4eaf-94b9-0f1eba8c2dfe,MPX_1557473,"Seven Up 7up - Soda zero sucres citron & citron vert - La bouteille de 1,5L",1.49,0.99,"['Promotions', 'Les promos à ne pas manquer', 'Le 2ème à moins 50%']",7up,True,False,false,1.0,MONTH,1.5L,[],https://courses.monoprix.fr/images-v3/0c44253f-c4a3-4340-9d37-d41e42b9d14a/5cb61ab9-6ebe-40f7-917c-404cbf28283c/300x300.jpg
Promotions,f5bc6fe9-6dba-46a4-a069-49b43c3a45f9,MPX_2822464,Florette Trio Mâche Roquette et Betterave 2x50g,1.89,18.9,"['Fruits & Légumes', 'Prêts à consommer', 'Salades']",Florette,True,False,false,2.0,DAY,100g,[],https://courses.monoprix.fr/images-v3/0c44253f-c4a3-4340-9d37-d41e42b9d14a/04264c98-4cd6-4f31-b90c-8b631848678e/300x300.jpg
Promotions,5b736130-3ac4-4737-a3bb-5a0f13bb452a,MPX_6705235,Pampers Harmonie Couches T5 x31,20.9,0.67,"['Promotions', 'Les promos à ne pas manquer', 'Le 2ème à moins 68%']",Pampers,True,False,false,,,31 par pack,[],https://courses.monoprix.fr/images-v3/0c44253f-c4a3-4340-9d37-d41e42b9d14a/683e860f-5b8f-4f69-b716-6f5deaa8f50f/300x300.jpg
Promotions,5fd93350-d821-4cb6-a2d7-b87d8e715bae,MPX_2189753,Tartare Ail & Fines Herbes Familia 250g,3.75,15.0,"['Promotions', 'Promo Exclusivités Web', 'Fromage Tartare, 50% sur le 2ème']",Tartare,True,False,false,1.0,WEEK,250g,[],https://courses.monoprix.fr/images-v3/0c44253f-c4a3-4340-9d37-d41e42b9d14a/71f842dc-2e44-457e-9445-6af2d141e449/300x300.jpg
Promotions,23d3d7e9-a83e-4e8a-80ec-89acb86227eb,MPX_6718857,Sun Tablette Lave-Vaisselle Tout en 1 *46 759g,11.29,14.87,"['Entretien & Nettoyage', 'Produits Nettoyants et Multi Usages', 'Produit Vaisselle', 'Tablette et dose lave vaisselle']",Sun,True,False,false,,,759g,[],https://courses.monoprix.fr/images-v3/0c44253f-c4a3-4340-9d37-d41e42b9d14a/74b2332d-be9d-42de-b67a-6c003c2140b0/300x300.jpg
Promotions,2bad2639-21a3-45e0-a3c1-a5b75bd528d0,MPX_2064993,"Purina One Croquettes Chat Stérilisé Au Saumon Et Céréales 1,5Kg",9.85,6.57,"['Animaux', 'Chat', 'Croquettes', 'Stérilisés']",Purina one,True,False,false,6.0,MONTH,1.5kg,[],https://courses.monoprix.fr/images-v3/0c44253f-c4a3-4340-9d37-d41e42b9d14a/92e16568-0735-48f3-a70f-1064f28225de/300x300.jpg
Promotions,47ab3044-1ac8-42b8-abd6-ca2368c5c44e,MPX_5642277,Skip Lessive Capsules 3 En 1 Fraîcheur Intense X26,15.9,28.86,"['Entretien & Nettoyage', 'Lessive et soin du linge', 'Lessive', 'Lessive en dosettes']",Skip,True,False,false,,,0.551kg,[],https://courses.monoprix.fr/images-v3/0c44253f-c4a3-4340-9d37-d41e42b9d14a/5ea874cc-2a78-4aba-9fb6-0bc1a20b5252/300x300.jpg
Promotions,c53853f9-5a05-45c3-ba5b-38366a358bcc,MPX_2963191,Lindt Excellence Tablette Chocolat Noir Amandes Effilées 100g,3.45,34.5,"['Promotions', 'Les promos à ne pas manquer', 'Le 2ème à moins 50%']",Lindt,True,False,false,2.0,MONTH,100g,[],https://courses.monoprix.fr/images-v3/0c44253f-c4a3-4340-9d37-d41e42b9d14a/60fab9b5-3ef9-4398-9269-9cb22a859e50/300x300.jpg
Promotions,22f21cf5-6aab-456a-9101-15ecd385828d,MPX_6692784,Finish Power Plus Tout en 1 Tablette Lave-Vaisselle *54,15.29,0.28,"['Entretien & Nettoyage', 'Produits Nettoyants et Multi Usages', 'Produit Vaisselle', 'Tablette et dose lave vaisselle']",Finish,True,False,false,,,54 par pack,[],https://courses.monoprix.fr/images-v3/0c44253f-c4a3-4340-9d37-d41e42b9d14a/deb14428-b101-4e17-af80-07489b8a19dc/300x300.jpg
Promotions,0935be9d-7422-42b2-bbf2-b1eb969d4db4,MPX_1526006,Blini Houmous 200g,2.69,13.45,"['Epicerie Salée', 'Produit apéritif', 'Tartinable et Produit de la Mer', 'Houmous et Tarama']",Blini,True,False,false,1.0,WEEK,200g,[],https://courses.monoprix.fr/images-v3/0c44253f-c4a3-4340-9d37-d41e42b9d14a/311c90e6-ebf4-4f11-974b-d0c7efb4e04c/300x300.jpg
Promotions,012819eb-0552-4a9e-a71c-4a2b6fb41b0f,MPX_4839155,Bonne maman biscuits tendres cœurs nappés chocolat 300g,4.35,14.5,"['Promotions', 'Les promos à ne pas manquer', 'Le 2ème à moins 50%']",Bonne Maman,True,False,false,1.0,MONTH,300g,[],https://courses.monoprix.fr/images-v3/0c44253f-c4a3-4340-9d37-d41e42b9d14a/d5f42425-5f94-4999-a150-c61620da7eb6/300x300.jpg
Promotions,bcc3aae2-50e7-4a64-bf8c-112ca780395b,MPX_147467,Le Gaulois Gésiers De Volaille Confits 300G,3.99,13.3,"['Noël', 'Promos de Noël', ""Promos repas festif,\xa0jusqu'à 50% sur le 2ème sur une sélection festive""]",LE GAULOIS,True,False,false,2.0,WEEK,300g,[],https://courses.monoprix.fr/images-v3/0c44253f-c4a3-4340-9d37-d41e42b9d14a/630f263d-aa77-4e54-bdb3-f2eb904413e4/300x300.jpg
Promotions,49d55d5b-abb9-49f7-a4a5-04c371a22b17,MPX_3599648,Monoprix Gourmet crozets de Savoie au sarrasin 400g,3.59,8.98,"['Bio', 'Epicerie salée bio', 'Pâte bio']",Monoprix Gourmet,True,False,false,6.0,MONTH,400g,[],https://courses.monoprix.fr/images-v3/0c44253f-c4a3-4340-9d37-d41e42b9d14a/8026ae08-c0df-487e-b0eb-362759ca6a30/300x300.jpg
Promotions,383c7b1f-e848-4358-b148-2613f5944955,MPX_6694414,Always Discreet Serviettes Pour Fuites Urinaires Long x16,9.99,0.62,"['Hygiène & Beauté', 'Hygiène féminine et Incontinence', 'Serviettes hygièniques']",Always,True,False,false,,,16 par pack,[],https://courses.monoprix.fr/images-v3/0c44253f-c4a3-4340-9d37-d41e42b9d14a/e31ded1f-7c3f-4a2b-884b-746252afbd6e/300x300.jpg
Promotions,17c13410-24f0-48b3-b6db-00f6d701d217,MPX_3033225,Lindt Excellence Tablette Chocolat Lait Caramel Fleur De Sel 100g,3.09,30.9,"['Promotions', 'Les promos à ne pas manquer', 'Le 2ème à moins 50%']",Lindt,True,False,false,2.0,MONTH,100g,[],https://courses.monoprix.fr/images-v3/0c44253f-c4a3-4340-9d37-d41e42b9d14a/cb0e26dd-cf38-4752-b00c-2527dd9d53cc/300x300.jpg
Promotions,ebf7d81b-7c16-44e7-ae66-a0c8bc210a63,MPX_6582522,"Pampers premium protection taille 3, couches x46, 6kg - 10kg",19.9,0.43,"['Promotions', 'Les promos à ne pas manquer', 'Le 2ème à moins 50%']",Pampers,True,False,false,,,46 par pack,[],https://courses.monoprix.fr/images-v3/0c44253f-c4a3-4340-9d37-d41e42b9d14a/1d74bf25-9e38-46a2-8699-cc5a65eef39e/300x300.jpg
Promotions,ddf4bbad-1867-4256-a5c7-fe6b0fff5df9,MPX_6672346,Blini Tzatziki 100g,0.99,9.9,"['Noël', 'Promos de Noël', ""Promos repas festif,\xa0jusqu'à 50% sur le 2ème sur une sélection festive""]",Blini,True,False,false,1.0,WEEK,100g,['Produit végétarien'],https://courses.monoprix.fr/images-v3/0c44253f-c4a3-4340-9d37-d41e42b9d14a/8cd84ee0-b97a-4e84-a69b-244fe3322004/300x300.jpg
Promotions,ace3a8a5-02f3-459c-81e0-05032a235a65,MPX_3823386,Hipro Yaourt à boire chocolat protéiné 0%MG 1x345g,3.39,9.83,"['Nos sélections', 'Inspiration du moment', '& Kit du sportif', 'Dessert lacté protéiné']",Danone,True,False,false,1.0,WEEK,345g,[],https://courses.monoprix.fr/images-v3/0c44253f-c4a3-4340-9d37-d41e42b9d14a/369d410c-424b-402b-adca-5689df8befac/300x300.jpg
Promotions,be7c2659-bd2b-4341-9adc-3e5e64127497,MPX_2638524,Seeberger Amandes 500G,12.99,25.98,"['Epicerie Salée', 'Produit apéritif', 'Cacahuète, Noix, Amande et Pistache', 'Amande et Pistache']",Seeberger,True,False,false,2.0,MONTH,500g,[],https://courses.monoprix.fr/images-v3/0c44253f-c4a3-4340-9d37-d41e42b9d14a/0ec6536f-f293-4a7a-b2ee-c1d632130ad1/300x300.jpg
Promotions,6ed630e1-70a7-402b-85f6-62bfb2caa5b9,MPX_3280755,Menguy's cacahuètes grillées et salées le sachet de 400g,3.69,9.23,"['Epicerie Salée', 'Produit apéritif', 'Cacahuète, Noix, Amande et Pistache', 'Cacahuète']",Menguy's,True,False,false,2.0,MONTH,400g,[],https://courses.monoprix.fr/images-v3/0c44253f-c4a3-4340-9d37-d41e42b9d14a/d10dd941-afe1-4674-815b-d9d153b6089b/300x300.jpg
Promotions,c21d9ebb-5482-4d10-b89c-b24c5a71d78a,MPX_954763,Hoegaarden bière blanche 50 cl,1.89,3.78,"['Bière, Cave et Spiritueux', 'Bières et Cidres', 'Bières Blanches et Aromatisées']",Hoegaarden,True,False,false,1.0,MONTH,500ml,[],https://courses.monoprix.fr/images-v3/0c44253f-c4a3-4340-9d37-d41e42b9d14a/09827260-5ce1-44d7-95ab-6f104e07a5dd/300x300.jpg
Promotions,6b24f712-7fab-4a62-97b3-d7d409c6cb63,MPX_2076988,Menguy's pistaches grillées à sec 300g,3.69,12.3,"['Produits du monde', 'Oriental', 'Dattes, Graines et Fruits secs']",Menguy's,True,False,false,2.0,MONTH,300g,[],https://courses.monoprix.fr/images-v3/0c44253f-c4a3-4340-9d37-d41e42b9d14a/e3743bb9-2ab5-4280-bb4e-5052d4afb8b9/300x300.jpg
Promotions,86dc5413-84e7-4b9a-bd86-480eb7a88ccf,MPX_2336666,Giraudet soupe bien être bio 50cl,6.19,12.38,"['Bio', 'Epicerie salée bio', 'Soupe bio']",Giraudet,True,False,false,1.0,WEEK,500ml,['Produit bio'],https://courses.monoprix.fr/images-v3/0c44253f-c4a3-4340-9d37-d41e42b9d14a/f1272e92-7d5d-4ea9-9ca3-9a807cfe37a4/300x300.jpg
Promotions,ee18d6db-1e36-4a2a-8439-3a4a890bac94,MPX_2823828,Barilla Pâtes spaghetti bio 500g,2.29,4.58,"['Bio', 'Epicerie salée bio', 'Pâte bio']",Barilla,True,False,false,6.0,MONTH,500g,['Produit bio'],https://courses.monoprix.fr/images-v3/0c44253f-c4a3-4340-9d37-d41e42b9d14a/836ad0ac-3d11-42c5-9bc3-6651901f00b5/300x300.jpg
Promotions,dbcf043a-0e00-4a17-8b74-36164ae6c0b8,MPX_3499275,Illy Café Espresso Forte 100% Arabica x10 capsules 57g,4.99,87.54,"['Epicerie Sucrée', 'Café, Thé et Boisson chaude', 'Café', 'Compatible Nespresso']",Illy,True,False,false,2.0,MONTH,57g,[],https://courses.monoprix.fr/images-v3/0c44253f-c4a3-4340-9d37-d41e42b9d14a/4e8b553d-d384-4491-9c1d-7c85075be246/300x300.jpg
Promotions,98e096ae-96c3-416c-8dd0-68848c32ce26,MPX_4110127,Hipro Yaourt coco protéiné 0%mg 2x160g,2.99,9.34,"['Produits Laitiers, Œufs et Fromages', 'Yaourts', 'Yaourts aromatisés et aux fruits']",Danone,True,False,false,1.0,WEEK,320g,[],https://courses.monoprix.fr/images-v3/0c44253f-c4a3-4340-9d37-d41e42b9d14a/1f9a8645-d290-4591-85ac-ad0ec813b517/300x300.jpg
Promotions,bea8caf1-5bc9-4759-a3f1-ea1c7a3869e1,MPX_1236737,Monoprix Huile De Pépins De Raisins 1L,6.49,6.49,"['Promotions', 'Promo Epicerie', 'Promo Epicerie Salée']",Monoprix,True,False,false,2.0,MONTH,1L,[],https://courses.monoprix.fr/images-v3/0c44253f-c4a3-4340-9d37-d41e42b9d14a/2cb06901-51ef-44dd-bfe6-96266796b4e5/300x300.jpg
Promotions,55db505c-c64e-43da-b6de-79b8723508c9,MPX_3379754,Monoprix Olives vertes dénoyautées aux herbes de Provence 125g,1.45,11.6,"['Epicerie Salée', 'Produit apéritif', 'Olive et Légume mariné', 'Olive verte']",Monoprix,True,False,false,2.0,MONTH,125g,[],https://courses.monoprix.fr/images-v3/0c44253f-c4a3-4340-9d37-d41e42b9d14a/7abeacc9-275e-4afc-a324-691c2c5deae5/300x300.jpg
Promotions,76da1581-3546-4846-913a-c52fb4445652,MPX_5261511,Handy Bag Sacs Poubelle Liens Pratiques Ultra Résistant 50L *10,3.89,0.39,"['Entretien & Nettoyage', 'Accessoire menager', 'Sac poubelle', '50L']",Handy bag,True,False,false,,,10 par pack,[],https://courses.monoprix.fr/images-v3/0c44253f-c4a3-4340-9d37-d41e42b9d14a/c122a958-cc1f-401f-9025-f779ca3ef430/300x300.jpg
Promotions,dc7a7edc-cb53-476d-8607-fcdf77bad180,MPX_2219257,Lindt Fins Assortiment Chocolats Fourrés Fondant 200g,6.39,31.95,"['Noël', 'Chocolats de Noël', 'Assortiments de chocolats', 'Lindt']",Lindt,True,False,false,2.0,MONTH,200g,[],https://courses.monoprix.fr/images-v3/0c44253f-c4a3-4340-9d37-d41e42b9d14a/ed64f55b-516d-4605-a0d6-797ef91a5141/300x300.jpg
Promotions,bf0e3252-6670-4a13-81e2-55116d13bb1a,MPX_4080420,Saint Louis Cassonade Sucre Roux De Canne 650G,2.89,4.45,"['Promotions', 'Les promos à ne pas manquer', 'Promo 30% de remise immédiate']",Saint louis,True,False,false,,,650g,[],https://courses.monoprix.fr/images-v3/0c44253f-c4a3-4340-9d37-d41e42b9d14a/8e81254d-b183-45cd-89a2-349a2a148e97/300x300.jpg
Promotions,65a51e96-bc1a-45d1-b3fe-c3bf99daf482,MPX_2291680,Maple Joe Sirop d'Erable Bouteille Bio 250g,7.19,28.76,"['Produits du monde', 'Etats-Unis - USA', 'Pains, Biscuits et Confiseries']",Maple Joe,True,False,false,6.0,MONTH,250g,['Produit bio'],https://courses.monoprix.fr/images-v3/0c44253f-c4a3-4340-9d37-d41e42b9d14a/d9cec8e1-1d9a-434d-a102-4c795feb32dd/300x300.jpg
Promotions,ff2b3784-9884-4b64-9aaa-5735a94a1ac9,MPX_3777120,Saint Louis Sucre Poudre St Louis 650G,2.29,3.52,"['Promotions', 'Les promos à ne pas manquer', 'Promo 30% de remise immédiate']",Saint louis,True,False,false,1.0,YEAR,650g,[],https://courses.monoprix.fr/images-v3/0c44253f-c4a3-4340-9d37-d41e42b9d14a/78644656-543e-4ba3-8a8c-d587fe15cc7e/300x300.jpg
Promotions,da12dd9e-db15-43a2-b375-6dec689ab174,MPX_3986043,Lindt Excellence Tablette Chocolat Noir Intense 70% Sel Rose De L’Himalaya 100g,2.75,27.5,"['Promotions', 'Les promos à ne pas manquer', 'Le 2ème à moins 50%']",Lindt,True,False,false,2.0,MONTH,100g,[],https://courses.monoprix.fr/images-v3/0c44253f-c4a3-4340-9d37-d41e42b9d14a/2b3e6733-d59d-401e-8f6e-9f39019275b5/300x300.jpg
Promotions,a04d59ed-ba96-4cdb-bb85-6faba39fdd76,MPX_159909,Monoprix Gourmet Pâtes d'Alsace Torsades 250g,1.89,7.56,"['Nos régions de France', 'Grand Est', 'Alsace']",Monoprix Gourmet,True,False,false,1.0,YEAR,250g,[],https://courses.monoprix.fr/images-v3/0c44253f-c4a3-4340-9d37-d41e42b9d14a/05477045-02f7-4079-8404-842f20141861/300x300.jpg
Promotions,b16cccdb-9cab-4f61-b900-402fe1e53838,MPX_6564061,Pampers Harmonie Aqua Lingettes 3x48,9.99,0.07,"['Promotions', 'Les promos à ne pas manquer', 'Le 2ème à moins 68%']",Pampers,True,False,false,6.0,MONTH,3 x 48 par pack,[],https://courses.monoprix.fr/images-v3/0c44253f-c4a3-4340-9d37-d41e42b9d14a/0cb4aa68-8132-4130-a9b5-e207c31cd124/300x300.jpg
Promotions,700beb11-1250-4baa-87b8-7231f50148dc,MPX_6606153,Monoprix Gourmet chips artisanales sel de Guérande 125g,2.99,23.92,"['Epicerie Salée', 'Produit apéritif', 'Chips et Biscuit Apéritif', 'Chips']",Monoprix Gourmet,True,False,false,2.0,MONTH,125g,[],https://courses.monoprix.fr/images-v3/0c44253f-c4a3-4340-9d37-d41e42b9d14a/f84284cd-642c-417c-952c-dfd764bde70b/300x300.jpg
Promotions,dc1c185f-e43d-42f2-854f-f9d582f1730d,MPX_6738053,Le Chat Sensitive Discs Lessive Aloe Vera & Savon de Marseille *23 Lavages,11.9,0.52,"['Entretien & Nettoyage', 'Lessive et soin du linge', 'Lessive', 'Lessive en dosettes']",Le Chat,True,False,false,,,23 par pack,[],https://courses.monoprix.fr/images-v3/0c44253f-c4a3-4340-9d37-d41e42b9d14a/0c8576a5-8640-437b-a1c7-6feb44bdd2bd/300x300.jpg
Promotions,54887ec3-58dd-4594-aaf0-1bee3295df99,MPX_3070330,Atelier Blini Tzatzíki Bio 160G,4.85,30.31,"['Epicerie Salée', 'Produit apéritif', 'Tartinable et Produit de la Mer', 'Tapenade et Autre Tartinable']",Atelier blini,True,False,false,1.0,WEEK,160g,['Produit bio'],https://courses.monoprix.fr/images-v3/0c44253f-c4a3-4340-9d37-d41e42b9d14a/f81bf640-b0f7-407e-92f2-22786dcf4dce/300x300.jpg
Promotions,32064979-da8d-492d-a62c-db61897d8a60,MPX_3500086,La Coop Coco dessert Végétal Lait de Coco 350g,2.99,8.54,"['Produits Laitiers, Œufs et Fromages', 'Yaourts', 'Yaourts natures']",The Coconut Collab,True,False,false,1.0,WEEK,350g,[],https://courses.monoprix.fr/images-v3/0c44253f-c4a3-4340-9d37-d41e42b9d14a/eafebd0d-db50-4099-ba77-823b659c3313/300x300.jpg
Promotions,6d0c3f0f-aa85-4142-a400-8174f6cc7f72,MPX_6580436,Starbucks by Nespresso vanille x10,4.99,97.84,"['Epicerie Sucrée', 'Café, Thé et Boisson chaude', 'Café', 'Compatible Nespresso']",Starbucks,True,False,false,2.0,MONTH,51g,[],https://courses.monoprix.fr/images-v3/0c44253f-c4a3-4340-9d37-d41e42b9d14a/014525bf-abf7-4db2-8906-d7f1994977c0/300x300.jpg
Promotions,bd4776c6-f07f-4d82-87a5-fd49232d46b3,MPX_1666230,"Tanoshi Ramen soja/caramel, nouilles Japonaises précuites 360 g",3.99,11.08,"['Produits du monde', 'Asie 亚洲', 'Nouilles et Vermicelles']",Tanoshi,True,False,false,2.0,MONTH,360g,[],https://courses.monoprix.fr/images-v3/0c44253f-c4a3-4340-9d37-d41e42b9d14a/0cd9fb55-0610-4355-b2df-1b8ba32d63f7/300x300.jpg
Promotions,3764aa2e-2eb6-4d84-99f4-02836bbdae42,MPX_3177064,Activia Céréales Yaourt Quinoa Noisette Bifidus 4X120G,2.39,4.98,"['Promotions', 'Les promos à ne pas manquer', 'Yaourts Activia, 50% sur le 2ème']",Danone,True,False,false,1.0,WEEK,4 x 120g,[],https://courses.monoprix.fr/images-v3/0c44253f-c4a3-4340-9d37-d41e42b9d14a/424ad1ab-4a32-4d92-973b-63bd66c1d85e/300x300.jpg
Promotions,4d8221c7-4afd-4be1-acbb-6f0d40b2dc66,MPX_6718583,Nescafe Nescafe Farmers Origins Brazil 10 Capsules 44 g,3.49,79.32,"['Epicerie Sucrée', 'Café, Thé et Boisson chaude', 'Café', 'Compatible Nespresso']",Nescafe,True,False,false,2.0,MONTH,44g,[],https://courses.monoprix.fr/images-v3/0c44253f-c4a3-4340-9d37-d41e42b9d14a/e317e699-f15d-4c1b-b866-a3bc09b29519/300x300.jpg
Promotions,724697e8-10c8-401a-a941-14a2ebd0576e,MPX_342318,Roger Biscotte Aixoise 280G,3.49,12.46,"['Promotions', 'Les promos à ne pas manquer', 'Promo 30% de remise immédiate']",ROGER,True,False,false,2.0,MONTH,280g,['Produit végétarien'],https://courses.monoprix.fr/images-v3/0c44253f-c4a3-4340-9d37-d41e42b9d14a/0a8d2772-f4c5-4e5e-aed9-e85ae2be2763/300x300.jpg
Promotions,58165c74-2612-43b5-98cf-be108435aa4a,MPX_3207685,"Fuzetea thé noir pêche hibiscus 1,25l",2.39,1.91,"['Promotions', 'Les promos à ne pas manquer', 'Le 2ème à moins 50%']",Fuzetea,True,False,false,1.0,MONTH,1.25L,[],https://courses.monoprix.fr/images-v3/0c44253f-c4a3-4340-9d37-d41e42b9d14a/6728ae2d-87f5-40d4-98a8-786f6c154353/300x300.jpg
Promotions,21a2fb0e-3aa6-4ac4-8304-f3c1fb39cf78,MPX_2638440,Delacre Biscuits croustillants au chocolat noir 150g,2.59,17.27,"['Promotions', 'Les promos à ne pas manquer', 'Le 2ème à moins 50%']",Delichoc,True,False,false,2.0,MONTH,150g,[],https://courses.monoprix.fr/images-v3/0c44253f-c4a3-4340-9d37-d41e42b9d14a/60204056-0211-47ee-9a6c-63e87ca275b8/300x300.jpg
Promotions,e6284be6-db90-4942-adf3-296ad3a3a325,MPX_163025,Monoprix Olives noires à la Grecque 250g,1.55,6.2,"['Epicerie Salée', 'Produits du monde', 'Grèce', 'Olive, Tzatziki, Tarama et Produits apéritifs']",Monoprix,True,False,false,1.0,YEAR,250g,[],https://courses.monoprix.fr/images-v3/0c44253f-c4a3-4340-9d37-d41e42b9d14a/313fb6c9-124f-4998-aced-067a8ddd7563/300x300.jpg
Promotions,c170b313-715c-4936-bffb-04aded6dc96b,MPX_1992044,Monoprix Tuiles goût paprika 170g,1.89,11.12,"['Epicerie Salée', 'Produit apéritif', 'Chips et Biscuit Apéritif', 'Tuile et Tortilla']",Monoprix,True,False,false,2.0,MONTH,170g,[],https://courses.monoprix.fr/images-v3/0c44253f-c4a3-4340-9d37-d41e42b9d14a/88cbf006-865f-450a-9fd6-7e419d6a7e13/300x300.jpg
Promotions,72fdb01e-62ef-4032-9da2-55864a8ff564,MPX_6622203,Danone Hipro Mousse Protéines au Cacao 200g,3.15,15.75,"['Nos sélections', 'Inspiration du moment', '& Kit du sportif', 'Dessert lacté protéiné']",Hipro,True,False,false,1.0,WEEK,200g,[],https://courses.monoprix.fr/images-v3/0c44253f-c4a3-4340-9d37-d41e42b9d14a/42015e7a-2deb-435a-bf23-dae753cfef86/300x300.jpg
Promotions,df6dcae0-a598-4543-9d7a-7d188bd34611,MPX_2443498,Lindt Excellence Tablette Chocolat Noir Menthe Intense 100g,2.45,24.5,"['Promotions', 'Les promos à ne pas manquer', 'Le 2ème à moins 50%']",Lindt,True,False,false,2.0,MONTH,100g,[],https://courses.monoprix.fr/images-v3/0c44253f-c4a3-4340-9d37-d41e42b9d14a/bc8a9c19-67a3-4789-bd0b-e64c67252830/300x300.jpg
Promotions,a8318a3b-1365-4610-b2ab-0d91b7000cce,MPX_2811555,Rummo Sauce pesto rosso 190g,3.79,19.95,"['Produits du monde', 'Italie - Italia', 'Sauces']",RUMMO,True,False,false,6.0,MONTH,190g,[],https://courses.monoprix.fr/images-v3/0c44253f-c4a3-4340-9d37-d41e42b9d14a/1563d61d-2a64-4d97-9130-42eeb38908a5/300x300.jpg
Promotions,af97f233-affa-4a88-beea-0be051b57cbf,MPX_3636756,Bonduelle Poêlée Parisienne 750G,4.99,6.65,"['Nos sélections', 'Inspiration du moment', '& Sélection gros formats', 'Surgelés']",Bonduelle,True,False,false,6.0,MONTH,750g,['Produit congelé'],https://courses.monoprix.fr/images-v3/0c44253f-c4a3-4340-9d37-d41e42b9d14a/740a025e-28f2-4427-95ca-fe26e785dff8/300x300.jpg
Promotions,cd66a9ab-49d1-459a-96cb-3a355da7c1e0,MPX_6719585,Maison perrier & Magnetic Juice Boisson Gazeuse Ananas Mangue 4x25cl,3.09,3.09,"['Boissons et Lait', 'Eau', 'Eau aromatisée gazeuse']",Maison perrier,True,False,false,2.0,MONTH,1L,[],https://courses.monoprix.fr/images-v3/0c44253f-c4a3-4340-9d37-d41e42b9d14a/b63d5a94-9221-46d1-93f2-144b2587b0c2/300x300.jpg
Promotions,5b639d4e-67fe-4c40-9d23-ce2d882c0f3c,MPX_1804682,"Devaux Champagne Aop, Rosé 75Cl",27.9,37.2,"['Noël', 'Promos de Noël', ""Promos repas festif,\xa0jusqu'à 50% sur le 2ème sur une sélection festive""]",Devaux,True,False,false,,,750ml,[],https://courses.monoprix.fr/images-v3/0c44253f-c4a3-4340-9d37-d41e42b9d14a/87e9c140-c4ad-4558-9cb4-c780e3af2cfe/300x300.jpg
Promotions,943d1675-2842-4cf4-b369-da08867dda79,MPX_6622214,Danone Hipro Crème Dessert Protéines saveur Caramel 180g,1.99,11.06,"['Nos sélections', 'Inspiration du moment', '& Kit du sportif', 'Dessert lacté protéiné']",Danone,True,False,false,1.0,WEEK,180g,[],https://courses.monoprix.fr/images-v3/0c44253f-c4a3-4340-9d37-d41e42b9d14a/be7ddfe0-7bfb-4472-a952-56caf8b6a4fb/300x300.jpg
Promotions,49ee73c3-a038-4943-a84f-8de98f8678ac,MPX_2482525,Sodebo Pizza La Pizz Jambon emmental 470g,3.79,8.06,"['Promotions', 'Les promos à ne pas manquer', 'Le 2ème à moins 50%']",Sodebo,True,False,false,4.0,DAY,470g,[],https://courses.monoprix.fr/images-v3/0c44253f-c4a3-4340-9d37-d41e42b9d14a/fe47117a-bd31-42da-8918-1138fe4849ba/300x300.jpg
Promotions,5af5358c-eb4a-4101-a36d-320b3f79e705,MPX_1934243,Marie Penne au Poulet Sauce Pesto 280g,4.49,16.04,"['Charcuterie et Traiteur', 'Pause Déjeuner', 'Plats cuisinés', 'Plats classiques']",Marie,True,False,false,1.0,WEEK,280g,['Produit bio'],https://courses.monoprix.fr/images-v3/0c44253f-c4a3-4340-9d37-d41e42b9d14a/01c7a236-0e98-4a0e-8856-f85e78bca591/300x300.jpg
Promotions,c08f84dc-aa58-45c3-a7b9-ca8866191dc3,MPX_1340197,Monoprix Gourmet Terrine Au Piment D'Espelette 180G,2.85,15.83,"['Nos sélections', 'Inspiration du moment', 'Nos coups de coeur Origine France']",Monoprix Gourmet,True,False,false,6.0,MONTH,180g,[],https://courses.monoprix.fr/images-v3/0c44253f-c4a3-4340-9d37-d41e42b9d14a/6c8436ab-3391-405c-9d59-746137375c0e/300x300.jpg
Promotions,6432cbc5-7abe-4457-b274-362e0e4bb86a,MPX_6567315,Tanoshi nouille de riz sèches 400g,2.99,7.48,"['Produits du monde', 'Asie 亚洲', 'Nouilles et Vermicelles']",Tanoshi,True,False,false,1.0,MONTH,400g,['Produit végétarien'],https://courses.monoprix.fr/images-v3/0c44253f-c4a3-4340-9d37-d41e42b9d14a/49478de3-f225-47db-9c76-e204b05cbeb5/300x300.jpg
Promotions,d81fcb9b-2cb9-4e62-8c10-fab74de5b40f,MPX_4091331,Monoprix Madeleine Nature Mgv 300G,2.95,9.83,"['Promotions', 'Promo Epicerie', 'Promo Epicerie Sucrée']",Monoprix,True,False,false,1.0,MONTH,300g,[],https://courses.monoprix.fr/images-v3/0c44253f-c4a3-4340-9d37-d41e42b9d14a/1d9eab22-d54e-47ce-a36d-1cb4ee830655/300x300.jpg
Promotions,ede2cbd8-9d45-4c57-aee6-2abab8e66b5c,MPX_3499276,Illy Café Espresso Intenso 100% Arabica x10 capsules 57g,4.99,87.54,"['Epicerie Sucrée', 'Café, Thé et Boisson chaude', 'Café', 'Compatible Nespresso']",Illy,True,False,false,2.0,MONTH,57g,[],https://courses.monoprix.fr/images-v3/0c44253f-c4a3-4340-9d37-d41e42b9d14a/3899bb79-8099-47d4-82c0-9bfb42c0ed86/300x300.jpg
Promotions,fd5a45b4-fa7b-466b-b2b7-152ab8a18f1f,MPX_162095,Lutti Bonbons Arlequin Acidulés Original 250g,2.69,10.76,"['Promotions', 'Les promos à ne pas manquer', 'Le 2ème à moins 50%']",Lutti,True,False,false,6.0,MONTH,250g,['Produit vegan'],https://courses.monoprix.fr/images-v3/0c44253f-c4a3-4340-9d37-d41e42b9d14a/b055e307-8c7b-4003-9920-ed487be31255/300x300.jpg
Promotions,f4e5af32-78ab-4f6f-967e-21bc37371e53,MPX_1992043,Monoprix Tuiles goût nature 170g,1.89,11.12,"['Epicerie Salée', 'Produit apéritif', 'Chips et Biscuit Apéritif', 'Tuile et Tortilla']",Monoprix,True,False,false,2.0,MONTH,170g,[],https://courses.monoprix.fr/images-v3/0c44253f-c4a3-4340-9d37-d41e42b9d14a/482b4751-7b6d-4995-9a61-fca2ec7281e7/300x300.jpg
Promotions,1f706668-d71d-418a-8020-b6f88ca253b5,MPX_3179652,L'Atelier Blini 16 Blinis Cocktail Bio 135G,3.29,24.37,"['Pain et Viennoiserie', 'Toast, Canapé et Blini', 'Blini']",Atelier de blini,True,False,false,1.0,WEEK,135g,['Produit bio'],https://courses.monoprix.fr/images-v3/0c44253f-c4a3-4340-9d37-d41e42b9d14a/56137beb-c6e9-4f9d-93ad-ef2b2be4efe1/300x300.jpg
Promotions,362955b3-7687-481a-a93a-d35c83fb23ff,MPX_3860532,Lutecia Eau Minérale Naturelle 6x50cl,2.69,0.9,"['Boissons et Lait', 'Eau', 'Eau plate']",Lutecia,True,False,false,6.0,MONTH,6 x 50cl,[],https://courses.monoprix.fr/images-v3/0c44253f-c4a3-4340-9d37-d41e42b9d14a/05f524ce-1224-42f6-b23d-48d765f19bba/300x300.jpg
Promotions,bb6d6200-d5b6-4d6a-ab53-24ddc8357d01,MPX_3045527,"Heineken Bière Blonde Sans Alcool 0,0% 6x25cl",5.25,3.5,"['Bière, Cave et Spiritueux', 'Bières et Cidres', 'Bières sans Alcool et Panachés']",Heineken,True,False,false,1.0,MONTH,6 x 25cl,[],https://courses.monoprix.fr/images-v3/0c44253f-c4a3-4340-9d37-d41e42b9d14a/e96c190d-1e7a-4f85-ab3e-b351872cddbf/300x300.jpg
Promotions,de3eb1d6-9bef-4961-9e02-bad72b1f24e6,MPX_5084282,Gallia Bière East New England 4x33cl,11.5,8.71,"['Bière, Cave et Spiritueux', 'Bières et Cidres', 'Cave à Bières']",Gallia,True,False,false,2.0,MONTH,4 x 33cl,[],https://courses.monoprix.fr/images-v3/0c44253f-c4a3-4340-9d37-d41e42b9d14a/b9acc8ec-d479-4298-9fc2-c1f08519900c/300x300.jpg
Promotions,c23bb939-df80-4798-a997-a9e87ce815c6,MPX_6718856,Sun Tablette Lave-Vaisselle Tout en 1 *46,11.29,0.25,"['Entretien & Nettoyage', 'Produits Nettoyants et Multi Usages', 'Produit Vaisselle', 'Tablette et dose lave vaisselle']",Sun,True,False,false,,,46 par pack,[],https://courses.monoprix.fr/images-v3/0c44253f-c4a3-4340-9d37-d41e42b9d14a/6a9fd9ed-0f2a-4038-9b8b-c08712f3cd44/300x300.jpg
Promotions,57f3eb8d-6334-4063-98a4-41acd2e6303e,MPX_6727798,Nescagé Farmers Origins Colombia x10 capsules,3.49,79.32,"['Epicerie Sucrée', 'Café, Thé et Boisson chaude', 'Café', 'Compatible Nespresso']",Nescafé,True,False,false,2.0,MONTH,44g,[],https://courses.monoprix.fr/images-v3/0c44253f-c4a3-4340-9d37-d41e42b9d14a/dc3bde55-485c-40d3-b935-ba7b0bdc0306/300x300.jpg
Promotions,2d6414e3-17e2-4b50-a375-b4b7ed7cb88a,MPX_6705236,Pampers Couches Harmonie Pants T4 x32,19.9,0.62,"['Promotions', 'Les promos à ne pas manquer', 'Le 2ème à moins 68%']",Pampers,True,False,false,,,32 par pack,[],https://courses.monoprix.fr/images-v3/0c44253f-c4a3-4340-9d37-d41e42b9d14a/c9f53f99-d704-4ca8-920c-d8d512295e9e/300x300.jpg
Promotions,baa06bc4-59b1-4c25-a3cb-1ad30d2a4204,MPX_6603621,Special K Kellogg's Céréales Original 500g,3.99,7.98,"['Promotions', 'Les promos à ne pas manquer', 'Le 2ème à moins 50%']",Kellogg's,True,False,false,2.0,MONTH,500g,"['Produit halal', 'Produit casher']",https://courses.monoprix.fr/images-v3/0c44253f-c4a3-4340-9d37-d41e42b9d14a/fc5db363-1edd-43ea-87b8-81cfdb8fce4b/300x300.jpg
Promotions,a77baf10-54a4-4981-97fc-9851befe0c78,MPX_3729899,Devaux Champagne Blanc De Blancs 75cl,27.9,37.2,"['Noël', 'Promos de Noël', ""Promos repas festif,\xa0jusqu'à 50% sur le 2ème sur une sélection festive""]",Devaux,True,False,false,,,75cl,[],https://courses.monoprix.fr/images-v3/0c44253f-c4a3-4340-9d37-d41e42b9d14a/421b1f95-352e-45b4-82b0-cec7f8018cb6/300x300.jpg
Promotions,31be7b68-1311-4c51-bade-afb72c6b8c06,MPX_3636753,Bonduelle poêlée champêtre 950g,4.99,5.25,"['Promotions', 'Les promos à ne pas manquer', 'Le 2ème à moins 50%']",Bonduelle,True,False,false,6.0,MONTH,950g,['Produit congelé'],https://courses.monoprix.fr/images-v3/0c44253f-c4a3-4340-9d37-d41e42b9d14a/96c2828f-eecc-4484-89ca-8fda53422dfa/300x300.jpg
Promotions,79dad8a3-812e-43b5-9c90-6f7a08189978,MPX_3599706,Pampers Sensitive Lingettes Bébé 52 Lingettes,2.75,0.05,"['Promotions', 'Les promos à ne pas manquer', 'Le 2ème à moins 68%']",Pampers,True,False,false,6.0,MONTH,52 par pack,[],https://courses.monoprix.fr/images-v3/0c44253f-c4a3-4340-9d37-d41e42b9d14a/cd889be2-f505-480d-a481-1dbae9ddefe9/300x300.jpg
Promotions,6e5b36ef-9c5d-4a93-96ec-b03f55a709a7,MPX_66656,Loué Poulet Fermier Blanc Label Rouge 1.4Kg,13.99,9.99,"['Boucherie et Volaille', 'Volaille', 'Poulet']",LOUE,True,False,false,2.0,DAY,1.4,[],https://courses.monoprix.fr/images-v3/0c44253f-c4a3-4340-9d37-d41e42b9d14a/711a292c-521e-4063-923f-8429e4165bf7/300x300.jpg
Promotions,2aaab784-a42c-4586-a49e-c69e3ca1d541,MPX_6699254,Pampers Harmonie Couches Culottes T5 x27,19.9,0.74,"['Bébé', 'Couches, Culottes et Couches-culottes', 'Culottes et Couches-culottes', 'Couche-culottes et Culottes']",Pampers,True,False,false,,,27 par pack,[],https://courses.monoprix.fr/images-v3/0c44253f-c4a3-4340-9d37-d41e42b9d14a/0f09e5c5-a27e-4de9-a156-bea7e9fa1bad/300x300.jpg
Promotions,1b865eeb-3c5c-4b25-8238-ce9b29aaadf8,MPX_2638584,Innocent smoothie antioxydant la bouteille 75cl,4.95,6.6,"['Fruits & Légumes', 'Jus Frais & Smoothies', 'Smoothies']",Innocent,True,False,false,1.0,WEEK,750ml,[],https://courses.monoprix.fr/images-v3/0c44253f-c4a3-4340-9d37-d41e42b9d14a/2b30a32f-9ecc-43eb-b3bf-967fa33fe944/300x300.jpg
Promotions,aee80ae9-2bcf-4cee-9a1a-3bb3ec6810b3,MPX_163046,Knorr Bouillon de Poule 150g,1.85,12.33,"['Promotions', 'Promo Exclusivités Web', 'Bouillon et Fond de sauce Knorr, 50% sur le 2ème']",Knorr,True,False,false,2.0,MONTH,150g,[],https://courses.monoprix.fr/images-v3/0c44253f-c4a3-4340-9d37-d41e42b9d14a/bddaf542-a032-4634-a4d8-834688cb9c36/300x300.jpg
Promotions,635e8ab1-145f-4ba7-b88b-bb63b6a5e9f9,MPX_2351648,Oreo Biscuits Double Crème fourrés à la Vanille 157g,1.85,11.78,"['Nos sélections', 'Boutique Enfants', 'Pour le goûter de vos enfants', 'Biscuit et Goûter']",Oreo,True,False,false,2.0,MONTH,157g,[],https://courses.monoprix.fr/images-v3/0c44253f-c4a3-4340-9d37-d41e42b9d14a/b86530ec-95a9-48e4-b223-0ea5b214ad85/300x300.jpg
Promotions,7f6d1bf7-cab1-41c2-81e5-871f645280cb,MPX_6574787,Gallia Bière West Ipa 4x33cl,10.5,7.95,"['Bière, Cave et Spiritueux', 'Bières et Cidres', 'Cave à Bières']",Gallia,True,False,false,1.0,MONTH,4 x 33cl,[],https://courses.monoprix.fr/images-v3/0c44253f-c4a3-4340-9d37-d41e42b9d14a/b0f12ea9-5cd8-4663-9df3-0577be0cde37/300x300.jpg
Promotions,b37b6fca-2afa-4327-825d-4c85cc577de0,MPX_3872409,Côte d'Or Tablette Chocolat Noir Pistaches Caramélisées 180g,3.49,19.39,"['Promotions', 'Les promos à ne pas manquer', 'Le 2ème à moins 50%']",COTE D'OR,True,False,false,2.0,MONTH,180g,[],https://courses.monoprix.fr/images-v3/0c44253f-c4a3-4340-9d37-d41e42b9d14a/7e5a10f8-da3a-4ae0-b9b0-7d20fcf072a4/300x300.jpg
Promotions,4f864034-e84c-4d7e-9f5a-571d08d47f78,MPX_6672345,Blini Houmous 100g,1.15,11.5,"['Noël', 'Promos de Noël', ""Promos repas festif,\xa0jusqu'à 50% sur le 2ème sur une sélection festive""]",Blini,True,False,false,1.0,WEEK,100g,['Produit végétarien'],https://courses.monoprix.fr/images-v3/0c44253f-c4a3-4340-9d37-d41e42b9d14a/81b5296a-c39a-4e30-8c90-a5f1da71b791/300x300.jpg
Promotions,d39c3895-9361-41b3-a5c3-5b6082e8fb40,MPX_5632078,Skip lessive capsule 3 en 1 active clean x26,15.9,28.86,"['Entretien & Nettoyage', 'Lessive et soin du linge', 'Lessive', 'Lessive en dosettes']",Skip,True,False,false,,,551g,[],https://courses.monoprix.fr/images-v3/0c44253f-c4a3-4340-9d37-d41e42b9d14a/60d3fc11-c029-4aea-8bfa-aa9ccfeaf3c4/300x300.jpg
Promotions,4327358d-d610-49e9-8499-76647391efef,MPX_2838761,Côte D'Or Tablette Chocolat Au Lait Raisins Et Noisettes Entières 180g,3.75,20.83,"['Promotions', 'Les promos à ne pas manquer', 'Le 2ème à moins 50%']",Côte d'Or,True,False,false,2.0,MONTH,180g,[],https://courses.monoprix.fr/images-v3/0c44253f-c4a3-4340-9d37-d41e42b9d14a/a283d52e-f57e-49c8-b129-b6ca365ebb08/300x300.jpg
Promotions,9e0fed36-9c45-4796-888f-4ac59e9f6ed4,MPX_6564449,Le Petit Marseillais douche fleur d'oranger 250ml,2.35,9.4,"['Promotions', 'Promo Hygiène et Beauté', 'Promo Douche, Savon et Bain']",Le Petit Marseillais,True,False,false,,,250ml,[],https://courses.monoprix.fr/images-v3/0c44253f-c4a3-4340-9d37-d41e42b9d14a/c7931016-64fa-4625-a8ce-e4fa16a8c2b7/300x300.jpg
Promotions,e708c3e8-a16d-41c3-bb34-c3522b877629,MPX_6591486,Pampers baby-dry couches géant taille 6 - 34 couches,19.9,0.59,"['Promotions', 'Les promos à ne pas manquer', 'Le 2ème à moins 50%']",Pampers,True,False,false,,,34 par pack,[],https://courses.monoprix.fr/images-v3/0c44253f-c4a3-4340-9d37-d41e42b9d14a/88f28c72-46f4-4c55-a292-d04d82b5f45d/300x300.jpg
Promotions,b4097012-858c-443a-b4d2-340ea9addab9,MPX_1682601,Monoprix Jus orange sans pulpe 100% fruit pressé 1L,1.95,1.95,"['Boissons et Lait', 'Jus et Sirop', ""Jus d'orange""]",Monoprix,True,False,false,1.0,MONTH,1L,[],https://courses.monoprix.fr/images-v3/0c44253f-c4a3-4340-9d37-d41e42b9d14a/0aeb2d53-521e-4fa6-b9b7-493fed013205/300x300.jpg
Promotions,dc0580d4-cf34-4b0e-b5a0-ce5c4b9aaa10,MPX_1946695,Okay Essuie-Tout Décoré x3,3.7,1.23,"['Entretien & Nettoyage', 'Essuie tout et Papier toilette', 'Essuie tout']",Okay,True,False,false,,,3 par pack,[],https://courses.monoprix.fr/images-v3/0c44253f-c4a3-4340-9d37-d41e42b9d14a/4fb98e96-adcc-4c59-8728-8d066940ec43/300x300.jpg
Promotions,b5802fc6-e06b-40f9-ae71-a83bd785c98d,MPX_2810365,Riccadonna Prosecco 75Cl,7.5,10.0,"['Produits du monde', 'Italie - Italia', 'Boissons']",Riccadonna,True,False,false,,,750ml,[],https://courses.monoprix.fr/images-v3/0c44253f-c4a3-4340-9d37-d41e42b9d14a/45bcfcac-8905-4d21-bfa6-fb0827cd03fe/300x300.jpg
Promotions,249d5181-f131-4bcf-997a-31f45a22c28d,MPX_1456384,"Monoprix Jus orange sans pulpe 100% fruit pressé 1,5L",2.35,1.57,"['Boissons et Lait', 'Jus et Sirop', ""Jus d'orange""]",Monoprix,True,False,false,1.0,MONTH,1.5L,[],https://courses.monoprix.fr/images-v3/0c44253f-c4a3-4340-9d37-d41e42b9d14a/9fc6e175-08a0-45ff-806f-78bd8d3592dc/300x300.jpg
Promotions,62692f04-b637-42db-af42-e39da1cf5bd9,MPX_2046750,"Pomme de Terre de Consommation Spécial Frite 2,5kg",2.75,1.1,"['Fruits & Légumes', 'Légumes Frais', 'Pommes de terre et Carottes', 'Pommes de terre']",Monoprix,True,False,false,4.0,DAY,2.5kg,[],https://courses.monoprix.fr/images-v3/0c44253f-c4a3-4340-9d37-d41e42b9d14a/59b8936c-8b17-41f5-9ee2-b7949c2b9837/300x300.jpg
Promotions,0bf1f89d-fb48-4e9a-ae3f-a0307814cb8d,MPX_2410122,Monoprix Jus d'orange avec pulpe 100% fruit pressé 1L,2.15,2.15,"['Boissons et Lait', 'Jus et Sirop', ""Jus d'orange""]",Monoprix,True,False,false,1.0,MONTH,1L,[],https://courses.monoprix.fr/images-v3/0c44253f-c4a3-4340-9d37-d41e42b9d14a/af33044f-38fa-4cfe-9f47-cb42758a34f6/300x300.jpg
Promotions,b035a22a-7513-42f8-9de6-981558dedfbc,MPX_6728980,Pampers Baby Dry Pants Couches T6 x19,15.9,0.84,"['Nos sélections', 'Nouveau sur le site', 'Hygiène et Beauté']",Pampers,True,False,false,,,19 par pack,[],https://courses.monoprix.fr/images-v3/0c44253f-c4a3-4340-9d37-d41e42b9d14a/4c2e2c19-36e8-4126-b119-5f35751cd1da/300x300.jpg
Promotions,5da70299-cfe9-4387-97d5-3f764eb3fe76,MPX_6728979,Pampers  Couches-CulottesBaby-Dry Pants Taille 5 12kg-17kg x22,15.9,0.72,"['Nos sélections', 'Nouveau sur le site', 'Hygiène et Beauté']",Pampers,True,False,false,,,22 par pack,[],https://courses.monoprix.fr/images-v3/0c44253f-c4a3-4340-9d37-d41e42b9d14a/271fdccd-89dd-48c8-9f12-4eb5a942ff71/300x300.jpg
Promotions,a46115c8-eb81-4708-a49d-912219834033,MPX_1386786,Monoprix Bio Jus d'orange 100% pur jus sans pulpe bio 1L,3.09,3.09,"['Bio', 'Boisson et Cave bio', 'Jus bio']",Monoprix Bio,True,False,false,1.0,MONTH,1L,['Produit bio'],https://courses.monoprix.fr/images-v3/0c44253f-c4a3-4340-9d37-d41e42b9d14a/956aa597-d86e-478c-973e-6846412a6b38/300x300.jpg
Promotions,c7e64d5d-7b1a-467d-965d-3045bf818e62,MPX_4091847,Monoprix Bio Pur Jus d'Orange avec Pulpe 1L,3.19,3.19,"['Bio', 'Boisson et Cave bio', 'Jus bio']",Monoprix Bio,True,False,false,2.0,MONTH,1L,['Produit bio'],https://courses.monoprix.fr/images-v3/0c44253f-c4a3-4340-9d37-d41e42b9d14a/ff866f63-5c2f-41da-a8ef-4bb578d5e356/300x300.jpg
Promotions,f7ba97c1-7abf-4dc9-b07c-fdee8426c73a,MPX_3500098,Regent's Park bagels sésame 250g,4.65,18.6,"['Produits du monde', 'Royaume-Uni - UK', 'Biscuits, Confitures et Pâtes à tartiner']",REGENT'S PARK,True,False,false,1.0,WEEK,250g,['Produit végétarien'],https://courses.monoprix.fr/images-v3/0c44253f-c4a3-4340-9d37-d41e42b9d14a/8c6e7ed2-0c6c-40b8-8160-80ff79aa1aaf/300x300.jpg
Promotions,f16f6ff4-5c9e-45bf-9f1c-4985df2678f6,MPX_2468033,Bonne Maman Petits muffins chocolat 235g,3.09,13.15,"['Promotions', 'Les promos à ne pas manquer', 'Le 2ème à moins 50%']",Bonne Maman,True,False,false,1.0,MONTH,235g,[],https://courses.monoprix.fr/images-v3/0c44253f-c4a3-4340-9d37-d41e42b9d14a/c5694b98-5629-4672-8bf8-72d53b2b5143/300x300.jpg
Promotions,9c0ce9fd-2b39-4faa-aa91-b58c98fb0146,MPX_6708518,"Mir Lessive Laine *27 Lavages 1,35L",8.99,6.66,"['Entretien & Nettoyage', 'Lessive et soin du linge', 'Lessive', 'Lessive liquide']",Mir refresh,True,False,false,,,1.35L,[],https://courses.monoprix.fr/images-v3/0c44253f-c4a3-4340-9d37-d41e42b9d14a/378e2d8a-d7a4-495e-9394-4d4215ba0acc/300x300.jpg
Promotions,a4a22b9c-a6b8-4449-a2d6-2418373590f4,MPX_3858545,Hipro Yaourt Vanille 15g Protéines 2x160g,2.99,9.34,"['Produits Laitiers, Œufs et Fromages', 'Yaourts', 'Yaourts aromatisés et aux fruits']",Hipro,True,False,false,1.0,WEEK,320g,[],https://courses.monoprix.fr/images-v3/0c44253f-c4a3-4340-9d37-d41e42b9d14a/125d8b18-6e8f-4454-a8b8-0e251dfa0810/300x300.jpg
Promotions,4bb837c3-3a74-4333-bf70-bcea82918066,MPX_3499274,Illy Café Espresso Classico 100% Arabica x10 capsules 57g,4.99,87.54,"['Epicerie Sucrée', 'Café, Thé et Boisson chaude', 'Café', 'Compatible Nespresso']",Illy,True,False,false,6.0,MONTH,57g,[],https://courses.monoprix.fr/images-v3/0c44253f-c4a3-4340-9d37-d41e42b9d14a/cbb4ecae-6e3d-428f-b6df-48fb1923ab0f/300x300.jpg
Promotions,4c40d2c9-fde7-47d6-8d55-d00508071378,MPX_2835863,Barilla sauce tomates cuisinées 400g,1.95,4.88,"['Promotions', 'Les promos à ne pas manquer', 'Le 2ème à moins 50%']",Barilla,True,False,false,6.0,MONTH,400g,[],https://courses.monoprix.fr/images-v3/0c44253f-c4a3-4340-9d37-d41e42b9d14a/83ed32a1-edd1-486a-95fa-11b7e81265a7/300x300.jpg
Promotions,915df9fd-6e72-4821-a381-6b5e5b976985,MPX_4003949,Monoprix Gourmet Chips de Sarrasin 100g,4.65,46.5,"['Epicerie Salée', 'Produit apéritif', 'Chips et Biscuit Apéritif', 'Chips']",Monoprix Gourmet,True,False,false,1.0,MONTH,100g,[],https://courses.monoprix.fr/images-v3/0c44253f-c4a3-4340-9d37-d41e42b9d14a/ee4c0cf0-5c00-4c24-992b-35bd118592cf/300x300.jpg
Promotions,2a63a7c4-b271-4761-a5e4-b639452cd509,MPX_2936798,Ferme d'Anchin Soupe Lentille Corail et Cumin Bio 30cl,3.09,10.3,"['Fruits & Légumes', 'Soupes & Purées', 'Soupes à réchauffer']",Les recettes ferme d'anchin,True,False,false,1.0,WEEK,300ml,['Produit bio'],https://courses.monoprix.fr/images-v3/0c44253f-c4a3-4340-9d37-d41e42b9d14a/bbd87e8e-6bcf-48aa-9fb1-89a89dd65383/300x300.jpg
Promotions,980a2a67-036c-4e9d-811d-ef9cf34076e8,MPX_3046976,Atelier Blini Houmous Bio 160G,4.49,28.06,"['Epicerie Salée', 'Produit apéritif', 'Tartinable et Produit de la Mer', 'Houmous et Tarama']",Atelier Blini,True,False,false,6.0,DAY,160g,['Produit bio'],https://courses.monoprix.fr/images-v3/0c44253f-c4a3-4340-9d37-d41e42b9d14a/a06fb829-04b3-4258-8e98-14f84b53738e/300x300.jpg
Promotions,592431ef-d5b8-4a61-9fed-13970ff9da37,MPX_342223,Côte D'Or L'original Tablette Chocolat Au Lait 200g,2.75,13.75,"['Promotions', 'Les promos à ne pas manquer', 'Le 2ème à moins 50%']",Côte d'Or,True,False,false,2.0,MONTH,200g,[],https://courses.monoprix.fr/images-v3/0c44253f-c4a3-4340-9d37-d41e42b9d14a/d4a769b4-ccbe-402f-8180-8803f2d2e100/300x300.jpg
Promotions,e2a5d993-d81f-44d3-a28e-88349b719c18,MPX_116904,Le Petit Basque Caillé De Brebis Nature 2x125g,2.45,9.8,"['Produits Laitiers, Œufs et Fromages', 'Yaourts', 'Chèvres et Brebis']",Le petit basque,True,False,false,1.0,WEEK,2 x 125g,[],https://courses.monoprix.fr/images-v3/0c44253f-c4a3-4340-9d37-d41e42b9d14a/cfe5786c-1f0e-491d-ba6c-0292fd92fb47/300x300.jpg
Promotions,08e2f3ca-07a4-4df5-a887-4fb95d3bd292,MPX_6630701,L'Or espresso ristretto café en capsules x50 intensite 11 - 260g,14.5,55.77,"['Epicerie Sucrée', 'Café, Thé et Boisson chaude', 'Café', 'Compatible Nespresso']",L'Or,True,False,false,2.0,MONTH,260g,[],https://courses.monoprix.fr/images-v3/0c44253f-c4a3-4340-9d37-d41e42b9d14a/ce773455-0090-4a47-8ec9-0fca9bdbdc89/300x300.jpg
Promotions,ec50e453-b910-4fbd-8fff-30ae9a765663,MPX_3292286,Maison Colibri Madeleines coque chocolat pur beurre 240g,5.39,22.46,"['Promotions', 'Les promos à ne pas manquer', 'Promo 30% de remise immédiate']",Maison colibri,True,False,false,1.0,MONTH,240g,[],https://courses.monoprix.fr/images-v3/0c44253f-c4a3-4340-9d37-d41e42b9d14a/c04b22f1-2919-479a-a1d8-5e1c028de3f7/300x300.jpg
Promotions,2e7ad00b-8f3b-4c00-8c87-00bcbcbc7be4,MPX_5591081,Kleenex Essuie Tout Essuie-Tout Maxi Ultra-Clean x2,4.59,2.3,"['Entretien & Nettoyage', 'Essuie tout et Papier toilette', 'Essuie tout']",Kleenex Essuie Tout,True,False,false,,,2 par pack,[],https://courses.monoprix.fr/images-v3/0c44253f-c4a3-4340-9d37-d41e42b9d14a/5b3a542c-2bc8-4d99-b599-af3cd7cb15b9/300x300.jpg
Promotions,84214ea4-ef53-4e19-ba16-344aa6a3ce7b,MPX_3254470,Nutella Pâte À Tartiner Nutella Noisettes Et Cacao 1 kg,7.69,7.69,"['Nos sélections', 'Nos marques du moment', ""Promogaming Fin d'année 2024""]",Nutella,True,False,false,2.0,MONTH,1kg,[],https://courses.monoprix.fr/images-v3/0c44253f-c4a3-4340-9d37-d41e42b9d14a/04f71a43-1d16-4fd9-9f89-7a03d5b546b3/300x300.jpg
Promotions,7e7fca87-655f-42ab-a640-0da77987e596,MPX_3166397,Activia Probiotiques Céréales Yaourt Muesli Bifidus 4x120g,2.35,4.9,"['Promotions', 'Les promos à ne pas manquer', 'Yaourts Activia, 50% sur le 2ème']",Activia,True,False,false,1.0,WEEK,4 x 120g,[],https://courses.monoprix.fr/images-v3/0c44253f-c4a3-4340-9d37-d41e42b9d14a/07683fda-88ad-4428-b9a9-93de11981f5b/300x300.jpg
Promotions,565bac74-ae6e-4e42-8eff-6de4597d367f,MPX_2699352,RICORE Recharge café chicorée soluble 180g,3.79,21.06,"['Epicerie Sucrée', 'Café, Thé et Boisson chaude', 'Café', 'Soluble, Chicorée']",Ricoré,True,False,false,6.0,MONTH,180g,[],https://courses.monoprix.fr/images-v3/0c44253f-c4a3-4340-9d37-d41e42b9d14a/b0d6d756-e374-461f-bf2e-f9d1446a06ae/300x300.jpg
Promotions,ed7d69d8-5848-4cfe-9e15-def6c278029e,MPX_3165213,Liebig PurSoup' Velouté de potiron 2x30 cl,2.95,4.92,"['Promotions', 'Promo Epicerie', 'Promo Epicerie Salée']",Liebig,True,False,false,2.0,MONTH,600ml,[],https://courses.monoprix.fr/images-v3/0c44253f-c4a3-4340-9d37-d41e42b9d14a/df16b0ba-98a6-4c37-b0ed-576da060d121/300x300.jpg
Promotions,6e2e9c06-733f-434d-94f3-38ec0db98525,MPX_6678792,Mikado chocolat noir 100g,1.99,19.9,"['Promotions', 'Les promos à ne pas manquer', 'Le 2ème à moins 50%']",Mikado,True,False,false,1.0,MONTH,100g,[],https://courses.monoprix.fr/images-v3/0c44253f-c4a3-4340-9d37-d41e42b9d14a/eede0c13-727d-44e6-8270-95818714c473/300x300.jpg
Promotions,ec2de0ea-abec-400e-a8f1-5e09db68182d,MPX_1894694,Oreo Original Biscuits fourrés à la Vanille 154g,1.45,9.42,"['Nos sélections', 'Boutique Enfants', 'Pour le goûter de vos enfants', 'Biscuit et Goûter']",Oreo,True,False,false,2.0,MONTH,154g,[],https://courses.monoprix.fr/images-v3/0c44253f-c4a3-4340-9d37-d41e42b9d14a/fc71985f-cb16-409e-a74d-636de8b5188a/300x300.jpg
Promotions,65712d5a-06e5-4ca9-bf78-52e0f4138694,MPX_2638866,Président Beurre Gastronomique Demi-sel Plaquette 250g,3.29,13.16,"['Promotions', 'Les promos à ne pas manquer', 'Beurre Président, 50% sur le 2ème']",Président,True,False,false,3.0,WEEK,250g,[],https://courses.monoprix.fr/images-v3/0c44253f-c4a3-4340-9d37-d41e42b9d14a/b35671c8-01a4-4d1b-8a14-b6f2350777cf/300x300.jpg
Promotions,fe8a69f2-c55c-4562-beca-7d223524c298,MPX_6679617,Yoplait Panier De Yoplait Morceaux Fruits Rouges 8x125g,3.69,3.69,"['Produits Laitiers, Œufs et Fromages', 'Yaourts', 'Yaourts aromatisés et aux fruits']",Yoplait,True,False,false,1.0,WEEK,8 x 125g,[],https://courses.monoprix.fr/images-v3/0c44253f-c4a3-4340-9d37-d41e42b9d14a/81489ca4-0af2-419e-821d-2520e5e1bf3d/300x300.jpg
Promotions,f6fad7d1-8a54-4624-bff3-8e8a21cf6d08,MPX_3165214,Liebig PurSoup' Velouté de légumes du soleil 2 x 30 cl,2.99,4.98,"['Promotions', 'Promo Epicerie', 'Promo Epicerie Salée']",Liebig,True,False,false,2.0,MONTH,600ml,[],https://courses.monoprix.fr/images-v3/0c44253f-c4a3-4340-9d37-d41e42b9d14a/f2497f06-06d9-4f53-83e6-fd6e7d055a08/300x300.jpg
Promotions,d39766cd-a38e-4eaf-a67b-1ec6a67dfda8,MPX_2007468,Ferme d'Anchin soupe 5 légumes Bio 300ml,3.09,10.3,"['Bio', 'Fruit et Légume bio', 'Légume frais bio']",Les recettes ferme d'anchin,True,False,false,1.0,WEEK,300ml,['Produit bio'],https://courses.monoprix.fr/images-v3/0c44253f-c4a3-4340-9d37-d41e42b9d14a/f690be0c-770e-477b-86d8-8d5551a4cc38/300x300.jpg
Promotions,794b7d2e-0acf-4929-a8c9-f61cafe05935,MPX_4210630,Monoprix Gourmet Jambon Cuit À L’Os En Tranches 120g,3.85,32.08,"['Mes marques Monoprix', 'Monoprix Gourmet', 'Produits frais', 'Charcuterie à la coupe']",Monprix Gourmet,True,False,false,6.0,DAY,120g,[],https://courses.monoprix.fr/images-v3/0c44253f-c4a3-4340-9d37-d41e42b9d14a/eef69279-7a4c-4ecb-8a27-57a5b8c9db5e/300x300.jpg
Promotions,62464832-1c53-4e3a-afaa-eb639066153c,MPX_6678791,Mikado Chocolat au Lait 100g,1.99,19.9,"['Promotions', 'Les promos à ne pas manquer', 'Le 2ème à moins 50%']",LU,True,False,false,2.0,MONTH,100g,[],https://courses.monoprix.fr/images-v3/0c44253f-c4a3-4340-9d37-d41e42b9d14a/0205e8d9-b43b-48f1-80e8-553d26d4f4b4/300x300.jpg
Promotions,f800c424-b3e0-4f89-8105-06e37a7db0a0,MPX_1666234,"Tanoshi Pois wasabi, apéritif japonais 100g",2.69,26.9,"['Produits du monde', 'Asie 亚洲', 'Chips, Produits apéritifs et Condiments']",Tanoshi,True,False,false,2.0,MONTH,100g,[],https://courses.monoprix.fr/images-v3/0c44253f-c4a3-4340-9d37-d41e42b9d14a/0e139963-4f2f-4fef-ad7b-3b97e2e5133f/300x300.jpg
Promotions,59c715cd-afb4-49e3-bdd8-4eac0fa13b9f,MPX_6630700,L'Or espresso forza café en capsules x50 intensite 9 - 260g,14.5,55.77,"['Epicerie Sucrée', 'Café, Thé et Boisson chaude', 'Café', 'Compatible Nespresso']",L'Or,True,False,false,2.0,MONTH,260g,[],https://courses.monoprix.fr/images-v3/0c44253f-c4a3-4340-9d37-d41e42b9d14a/74fe17e4-bb0e-47de-817b-09cb3e6e0928/300x300.jpg
Promotions,a68aad7d-b67c-4202-9bf7-8a3c9475422a,MPX_2809733,Lindt Excellence Tablette Chocolat Noir Caramel Pointe De Sel 100g,2.19,21.9,"['Promotions', 'Les promos à ne pas manquer', 'Le 2ème à moins 50%']",Lindt,True,False,false,2.0,MONTH,100g,[],https://courses.monoprix.fr/images-v3/0c44253f-c4a3-4340-9d37-d41e42b9d14a/398c565f-4895-4f5c-a12e-432bdc515891/300x300.jpg
Promotions,eb7f53df-acd6-4720-ae69-7da0e1086880,MPX_2468987,Lindt Excellence Tablette Chocolat Noir Sésame Grillé 100g,2.75,27.5,"['Promotions', 'Les promos à ne pas manquer', 'Le 2ème à moins 50%']",Lindt,True,False,false,2.0,MONTH,100g,[],https://courses.monoprix.fr/images-v3/0c44253f-c4a3-4340-9d37-d41e42b9d14a/8353fb6f-7243-4996-bab9-4d3665a0655b/300x300.jpg
Promotions,6d8a9535-3f8d-4879-ba43-91a49a2e9bb3,MPX_5094786,Délichoc Tablette Chocolat Au Lait Croustillant 150 g,2.25,15.0,"['Promotions', 'Les promos à ne pas manquer', 'Le 2ème à moins 50%']",Delichoc,True,False,false,1.0,MONTH,150g,[],https://courses.monoprix.fr/images-v3/0c44253f-c4a3-4340-9d37-d41e42b9d14a/307c4399-e509-4e0a-9784-223ebfcd23e3/300x300.jpg
Promotions,73da215f-17a2-4925-8eeb-585f389206a4,MPX_2336644,Barilla sauce tomates arrabbiata 400g,1.95,4.88,"['Promotions', 'Les promos à ne pas manquer', 'Le 2ème à moins 50%']",Barilla,True,False,false,6.0,MONTH,400g,[],https://courses.monoprix.fr/images-v3/0c44253f-c4a3-4340-9d37-d41e42b9d14a/f17ec250-1cb7-4f79-9af1-83b972358a60/300x300.jpg
Promotions,70f249b2-6165-4ff7-b709-135256d6a7bf,MPX_145069,Blini Tarama aux œufs de cabillaud 100g,1.59,15.9,"['Epicerie Salée', 'Produit apéritif', 'Tartinable et Produit de la Mer', 'Houmous et Tarama']",Blini,True,False,false,1.0,WEEK,100g,[],https://courses.monoprix.fr/images-v3/0c44253f-c4a3-4340-9d37-d41e42b9d14a/8fe9fe58-e803-4bfc-9f95-cff6e3cbf837/300x300.jpg
Promotions,08906b9c-a096-43e3-936c-018b1a847ef1,MPX_6602104,Herta trésor de grand-mère pâte feuilletée pur beurre 280g,2.99,10.68,"['Promotions', 'Les promos à ne pas manquer', 'Le 2ème à moins 50%']",Herta,True,False,false,6.0,DAY,280g,[],https://courses.monoprix.fr/images-v3/0c44253f-c4a3-4340-9d37-d41e42b9d14a/b071bd2a-0f54-43d7-ae9e-131debe1572b/300x300.jpg
Promotions,8e042752-8ac7-4dd3-b591-64949613bf8d,MPX_3513770,Fess'Nett Natura Papier toilette humide hypoallergénique x50,2.99,0.06,"['Hygiène & Beauté', 'Papiers toilette, Mouchoirs et Cotons', 'Papiers toilette', 'Autre format']",Fess'Nett,True,False,false,,,50 par pack,[],https://courses.monoprix.fr/images-v3/0c44253f-c4a3-4340-9d37-d41e42b9d14a/433dfab2-4b23-4329-98a7-9acd6f1a62a7/300x300.jpg
Promotions,1b756470-5994-4478-aeb0-7440d1018844,MPX_1594909,Elle&Vire Sauce béchamel au lait entier format poche 33cl,2.49,7.55,"['Produits Laitiers, Œufs et Fromages', 'Crèmes et Chantilly', 'Crème fraîche']",Elle & Vire,True,False,false,2.0,WEEK,330ml,[],https://courses.monoprix.fr/images-v3/0c44253f-c4a3-4340-9d37-d41e42b9d14a/34b8e5ab-db9b-4aa7-a522-350ce9af957e/300x300.jpg
Promotions,6478a937-8f39-47bc-bfc9-c9a34ccb14c9,MPX_6712457,Lenor Adoucissant Fraicheur de coton 40 Lavages 840ml,4.99,5.94,"['Entretien & Nettoyage', 'Lessive et soin du linge', 'Adoucissant', 'Concentré']",Lenor,True,False,false,,,840ml,[],https://courses.monoprix.fr/images-v3/0c44253f-c4a3-4340-9d37-d41e42b9d14a/d9e7c7e8-7a53-4da5-befc-58ef102c8a42/300x300.jpg
Promotions,06ece4fd-371a-4922-8624-3b29f5fd25ba,MPX_1398446,Barilla pates spaghetti au blé complet integrale 500g,1.75,3.5,"['Epicerie Salée', 'Pâte, Riz, Céréale et Purée', 'Pâtes', 'Pâtes longues']",Barilla,True,False,false,6.0,MONTH,500g,[],https://courses.monoprix.fr/images-v3/0c44253f-c4a3-4340-9d37-d41e42b9d14a/9636bae8-4efe-4508-b874-1e4afc576520/300x300.jpg
Promotions,270bfa7c-36cd-4603-9e27-29bdd573f275,MPX_5446978,Kleenex® Papier toilette Dermo Douceur x6,4.69,0.78,"['Hygiène & Beauté', 'Papiers toilette, Mouchoirs et Cotons', 'Papiers toilette', 'Par 6']",Kleenex,True,False,false,,,6 par pack,[],https://courses.monoprix.fr/images-v3/0c44253f-c4a3-4340-9d37-d41e42b9d14a/668271c4-0523-4787-b537-d081c62afac6/300x300.jpg
Promotions,c8a97134-ed38-4146-ad7f-c150574c4825,MPX_2713534,La Ferme d'Anchin soupe petit pois brocoli et courgette Bio 300ml,3.09,10.3,"['Fruits & Légumes', 'Soupes & Purées', 'Soupes à réchauffer']",Les Recettes Ferme d'Anchin,True,False,false,1.0,WEEK,300ml,['Produit bio'],https://courses.monoprix.fr/images-v3/0c44253f-c4a3-4340-9d37-d41e42b9d14a/fd387262-2d5a-444a-8945-0639e7ec2078/300x300.jpg
Promotions,c1527bfa-fc4e-43ce-bbe4-51423f230b63,MPX_1045402,Monoprix Gourmet Fleur de mousse café sur sa ganache 2X80g,3.25,20.31,"['Produits Laitiers, Œufs et Fromages', 'Desserts', 'Mousses et Liégeois']",Monoprix Gourmet,True,False,false,1.0,WEEK,2 x 80g,[],https://courses.monoprix.fr/images-v3/0c44253f-c4a3-4340-9d37-d41e42b9d14a/e2002c98-ad10-4c06-8855-df0822583534/300x300.jpg
Promotions,b896efd3-49d1-4e20-9e0b-573b51a84ff2,MPX_3045578,Actimel yaourt à boire nature 0% 8x100g,4.09,5.11,"['Produits Laitiers, Œufs et Fromages', 'Yaourts', 'Yaourts à boire']",Actimel,True,False,false,1.0,WEEK,8 x 100g,[],https://courses.monoprix.fr/images-v3/0c44253f-c4a3-4340-9d37-d41e42b9d14a/992f73ad-66ff-44ca-bf11-fa2b82e72ab4/300x300.jpg
Promotions,2238b98a-513d-4443-9cf5-1c90fae90177,MPX_2185847,Bonne Maman Gâteau Marbré Au Chocolat 475G,4.85,10.21,"['Nos sélections', 'Inspiration du moment', '& Notre sélection brunch', 'Pâtisseries']",Bonne Maman,True,False,false,3.0,WEEK,475g,[],https://courses.monoprix.fr/images-v3/0c44253f-c4a3-4340-9d37-d41e42b9d14a/dcd2bc04-ce0e-4c66-9265-5d74e80eeba6/300x300.jpg
Promotions,89307675-ee0a-4f3f-8ed8-379a98eb0090,MPX_2185846,Bonne Maman Quatre-quarts 500g,4.65,9.3,"['Promotions', 'Les promos à ne pas manquer', 'Le 2ème à moins 50%']",Bonne Maman,True,False,false,3.0,WEEK,500g,[],https://courses.monoprix.fr/images-v3/0c44253f-c4a3-4340-9d37-d41e42b9d14a/0cd2fff6-df63-462e-a7af-cb5a3c84015a/300x300.jpg
Promotions,5672df49-7070-4943-81d9-7c7b487b3138,MPX_2321622,Barilla sauce tomates provencale 400g,1.99,4.98,"['Promotions', 'Les promos à ne pas manquer', 'Le 2ème à moins 50%']",Barilla,True,False,false,6.0,MONTH,400g,[],https://courses.monoprix.fr/images-v3/0c44253f-c4a3-4340-9d37-d41e42b9d14a/5c171dc2-bbf2-422c-8a2b-7c4d91791685/300x300.jpg
Promotions,fb437188-9094-4e00-b9ca-84cfbb63168b,MPX_3379564,"Cassegrain Petits Pois, Tendres Et Fondants 280G",2.19,7.82,"['Promotions', 'Les promos à ne pas manquer', 'Le 2ème à moins 50%']",Cassegrain,True,False,false,1.0,YEAR,280g,['Produit vegan'],https://courses.monoprix.fr/images-v3/0c44253f-c4a3-4340-9d37-d41e42b9d14a/06d218b6-3f1a-40ac-bd62-4e4b7a818a71/300x300.jpg
Promotions,f4fd687e-a866-4a46-8823-55777e2e12a9,MPX_3045577,Actimel Yaourt À Boire Multifruits 8x100g,4.19,5.24,"['Produits Laitiers, Œufs et Fromages', 'Yaourts', 'Yaourts à boire']",Actimel,True,False,false,1.0,WEEK,8 x 100g,[],https://courses.monoprix.fr/images-v3/0c44253f-c4a3-4340-9d37-d41e42b9d14a/e76d4867-3c85-44b6-9812-d3758c1dd3c4/300x300.jpg
Promotions,7fe72a88-d66c-4984-b483-b72f66fe707d,MPX_2810993,Champagne Nicolas Feuillatte Grande Réserve Brut 75 Cl,25.9,34.53,"['Noël', 'Promos de Noël', ""Promos repas festif,\xa0jusqu'à 50% sur le 2ème sur une sélection festive""]",Nicolas Feuillate,True,False,false,,,75cl,[],https://courses.monoprix.fr/images-v3/0c44253f-c4a3-4340-9d37-d41e42b9d14a/3e2e55d2-5fcd-4110-afd9-b764c04fd9e9/300x300.jpg
Promotions,8da3c08d-602d-4e55-962a-953838d05b56,MPX_1398450,Barilla pates penne rigate au blé complet integrale 500g,1.75,3.5,"['Epicerie Salée', 'Pâte, Riz, Céréale et Purée', 'Pâtes', 'Pâtes courtes']",Barilla,True,False,false,6.0,MONTH,500g,[],https://courses.monoprix.fr/images-v3/0c44253f-c4a3-4340-9d37-d41e42b9d14a/0e2000e2-a348-4605-be36-d2e90bbfc138/300x300.jpg
Promotions,ef157d43-5c60-4e4f-b964-b5c009771123,MPX_3537828,L'Atelier Blini Olives Vertes Et Noires Ail & Herbes De Provence Bio 150G,4.59,30.6,"['Fruits & Légumes', 'Prêts à consommer', 'Olives et Tapenades']",Atelier Blini,True,False,false,2.0,WEEK,150g,['Produit bio'],https://courses.monoprix.fr/images-v3/0c44253f-c4a3-4340-9d37-d41e42b9d14a/8111c1ef-aa0d-4dfb-9419-94deb5ff54da/300x300.jpg
Promotions,c58b6cbb-d300-4006-9cce-811a305b075b,MPX_882879,L'Aurore Mâcon Villages Vin Blanc Aop 75Cl,8.95,11.93,"['Nos sélections', 'Inspiration du moment', '& Apéro entre amis', 'Boissons et Vins']",L'Aurore,True,False,false,,,750ml,[],https://courses.monoprix.fr/images-v3/0c44253f-c4a3-4340-9d37-d41e42b9d14a/845e70b9-dc46-41f4-908e-75fc311efe50/300x300.jpg
Promotions,41e4b0d2-2b3e-44a4-bb43-e8d5bb252a61,MPX_2507955,Monoprix Gourmet Jambon Au Torchon 120G,3.69,30.75,"['Mes marques Monoprix', 'Monoprix Gourmet', 'Produits frais', 'Charcuterie à la coupe']",Monoprix Gourmet,True,False,false,1.0,WEEK,120g,[],https://courses.monoprix.fr/images-v3/0c44253f-c4a3-4340-9d37-d41e42b9d14a/624ec480-2774-4593-ba8d-cd18587a0c2f/300x300.jpg
Promotions,47b6f215-264c-47d6-b5a2-c299e834cf8e,MPX_6712454,Lenor Adoucissant Ambre & Orchidée 840ml,4.99,5.94,"['Entretien & Nettoyage', 'Lessive et soin du linge', 'Adoucissant', 'Concentré']",Lenor,True,False,false,,,840ml,[],https://courses.monoprix.fr/images-v3/0c44253f-c4a3-4340-9d37-d41e42b9d14a/97b4e583-34a6-40ee-8c0e-aa7e2ba2ee8f/300x300.jpg
Promotions,99a7614a-b476-4009-98c0-10a90bab3ba9,MPX_3953854,Rummo Sauce Bolognaise 340g,4.49,13.21,"['Produits du monde', 'Italie - Italia', 'Sauces']",RUMMO,True,False,false,1.0,YEAR,340g,[],https://courses.monoprix.fr/images-v3/0c44253f-c4a3-4340-9d37-d41e42b9d14a/d96044b2-9d6d-4660-bae5-d3fcc48a174e/300x300.jpg
Promotions,0b4cf4f9-266d-4253-8121-91f8ea4bca62,MPX_3822598,Monoprix Escalope Extrafine De Dinde X2 260G,4.0,15.99,"['Boucherie et Volaille', 'Volaille', 'Dinde']",Monoprix,True,False,false,4.0,DAY,250,[],https://courses.monoprix.fr/images-v3/0c44253f-c4a3-4340-9d37-d41e42b9d14a/455b3cb8-8a97-4c10-ad19-037c84a74794/300x300.jpg
Promotions,ec96efa0-ce28-43c9-a436-0055f994b31b,MPX_3754753,Bref Bloc Wc Marine 50 g,2.99,59.8,"['Entretien & Nettoyage', 'Salle de bain, WC et Déboucheur', 'Nettoyant WC']",Bref,True,False,false,,,50g,[],https://courses.monoprix.fr/images-v3/0c44253f-c4a3-4340-9d37-d41e42b9d14a/90eba857-0c6f-496c-aa91-7b183a3b2714/300x300.jpg
Promotions,ef1c20a4-b653-4f0e-8a95-d175b26de583,MPX_3823385,Hipro Yaourt Myrtille 15g Protéines 2x160g,2.99,9.34,"['Produits Laitiers, Œufs et Fromages', 'Yaourts', 'Yaourts aromatisés et aux fruits']",Hipro,True,False,false,1.0,WEEK,320g,[],https://courses.monoprix.fr/images-v3/0c44253f-c4a3-4340-9d37-d41e42b9d14a/eb9b9e73-2fe1-44c6-bc43-6c3be42d7baf/300x300.jpg
Promotions,db56db01-b513-4334-89d7-7407270634af,MPX_53156,Heineken bière Blonde 12 x 25cl,8.29,2.76,"['Bière, Cave et Spiritueux', 'Bières et Cidres', 'Bières Blondes']",Heineken,True,False,false,1.0,MONTH,12 x 25cl,[],https://courses.monoprix.fr/images-v3/0c44253f-c4a3-4340-9d37-d41e42b9d14a/11304321-ddb7-4951-a00c-39f33511cb5c/300x300.jpg
Promotions,3012a6f9-e7a1-4b21-8b03-dbeb0bb6bfea,MPX_3046721,Mc Vitie's Biscuits Sablés Chocolat au Lait 300g,2.25,7.5,"['Promotions', 'Les promos à ne pas manquer', 'Le 2ème à moins 50%']",Mc Vitie's,True,False,false,2.0,MONTH,300g,[],https://courses.monoprix.fr/images-v3/0c44253f-c4a3-4340-9d37-d41e42b9d14a/25d12947-c9f1-4364-a2cc-bddbac0b45b6/300x300.jpg
Promotions,66fd05d2-38c9-4f0e-9655-7b170559fb8c,MPX_4261059,Yoplait Perle De Lait Vanille Yaourt Brassé Pots 4x125g,2.49,4.98,"['Produits Laitiers, Œufs et Fromages', 'Yaourts', 'Yaourts aromatisés et aux fruits']",Yoplait,True,False,false,1.0,WEEK,4 x 125g,[],https://courses.monoprix.fr/images-v3/0c44253f-c4a3-4340-9d37-d41e42b9d14a/4db5f2a2-af6f-4d76-9737-af90c97b5bfd/300x300.jpg
Promotions,c43bffaa-555b-4f2d-b061-658e8d8dc551,MPX_1704199,"Luna Argenta Italie - Prosecco, Brut 75Cl",8.9,11.87,"['Produits du monde', 'Italie - Italia', 'Boissons']",LUNA ARGENTA,True,False,false,,,750ml,[],https://courses.monoprix.fr/images-v3/0c44253f-c4a3-4340-9d37-d41e42b9d14a/161fc605-5d26-471c-bb0f-78e33e9850b5/300x300.jpg
Promotions,501ed7ad-7624-44df-b854-fe870a0a4e5d,MPX_4123749,Bref deluxe entretien WC magnolia bloc 50g,2.79,55.8,"['Entretien & Nettoyage', 'Salle de bain, WC et Déboucheur', 'Nettoyant WC']",Bref,True,False,false,,,50g,[],https://courses.monoprix.fr/images-v3/0c44253f-c4a3-4340-9d37-d41e42b9d14a/ee0cac62-b4a0-46cc-9a1d-24f50dec5bf9/300x300.jpg
Promotions,61509a35-088e-4131-89e2-be6d4cb5ac5a,MPX_1251586,Matin Leger Lait Écrémé Sans Lactose 6x1L,13.9,2.32,"['Boissons et Lait', 'Lait', 'Lait UHT écrémé']",Matin leger,True,False,false,4.0,WEEK,6 x 1L,[],https://courses.monoprix.fr/images-v3/0c44253f-c4a3-4340-9d37-d41e42b9d14a/02a31fdd-36b0-471b-93d7-c1c3c0b8d9de/300x300.jpg
Promotions,8d7ee39c-2afd-4dc6-b5b3-8ddcc31bcda1,MPX_2480541,Matin Léger de Lactel à 1.2% de m.g. UHT bouteille 6x25cl,6.45,4.3,"['Boissons et Lait', 'Lait', 'Lait UHT demi-écrémé']",MATIN LEGER DE LACTEL,True,False,false,4.0,WEEK,6 x 25cl,[],https://courses.monoprix.fr/images-v3/0c44253f-c4a3-4340-9d37-d41e42b9d14a/5c45809c-8458-47e5-81af-5d42adc66f6c/300x300.jpg
Promotions,9c995fa4-80dd-420c-a9e0-ede5b5f99e51,MPX_159902,Monoprix Gourmet Pâtes Coquillettes d'Alsace 250g,1.79,7.16,"['Nos régions de France', 'Grand Est', 'Alsace']",Monoprix Gourmet,True,False,false,1.0,YEAR,250g,[],https://courses.monoprix.fr/images-v3/0c44253f-c4a3-4340-9d37-d41e42b9d14a/d796512c-59c6-4313-a6b8-eaa513d81f67/300x300.jpg
Promotions,16fe2fa7-a945-4356-b611-b363d31ffaee,MPX_3499277,Illy Café Espresso Lungo 100% Arabica x10 capsules 57g,4.99,87.54,"['Epicerie Sucrée', 'Café, Thé et Boisson chaude', 'Café', 'Compatible Nespresso']",Illy,True,False,false,2.0,MONTH,57g,[],https://courses.monoprix.fr/images-v3/0c44253f-c4a3-4340-9d37-d41e42b9d14a/acd7a890-8a0a-4f78-9c6c-1c2719ed8276/300x300.jpg
Promotions,0e04f09c-0fe5-4682-8b23-257ccc8c6775,MPX_6613111,Tipiak Croûtons de Pain Croustillants Nature 75g,1.79,23.87,"['Promotions', 'Les promos à ne pas manquer', 'Promo 30% de remise immédiate']",Tipiak,True,False,false,6.0,MONTH,75g,[],https://courses.monoprix.fr/images-v3/0c44253f-c4a3-4340-9d37-d41e42b9d14a/374600af-6257-4842-af82-11270a6e9579/300x300.jpg
Promotions,c4e880ee-bdcc-41e0-adae-c42c7184e3b1,MPX_6708516,"Mir Refresh Lessive Liquide Linge Noir 27 Lavages 1,35 L",8.99,6.66,"['Entretien & Nettoyage', 'Lessive et soin du linge', 'Lessive', 'Lessive liquide']",Mir refresh,True,False,false,,,1.35L,[],https://courses.monoprix.fr/images-v3/0c44253f-c4a3-4340-9d37-d41e42b9d14a/3a2c633c-bfb9-4b1e-8dda-ee69d1480a34/300x300.jpg
Promotions,a2fcc51b-4d3c-468d-a12b-1479a8659183,MPX_2838771,Côte D'Or Tablette Chocolat Lait Pointe De Sel Et Amandes 180g,3.85,21.39,"['Promotions', 'Les promos à ne pas manquer', 'Le 2ème à moins 50%']",Côte d'Or,True,False,false,2.0,MONTH,180g,[],https://courses.monoprix.fr/images-v3/0c44253f-c4a3-4340-9d37-d41e42b9d14a/391e33cc-2216-49e1-9fd0-8fbf74235008/300x300.jpg
Promotions,8cd2b1d1-f07d-497a-a2dd-f56d19422d95,MPX_2739709,Fleury Michon Paëlla Valenciana 400g,5.49,13.73,"['Charcuterie et Traiteur', 'Pause Déjeuner', 'Plats cuisinés', 'Plats classiques']",Fleury michon,True,False,false,1.0,WEEK,400g,[],https://courses.monoprix.fr/images-v3/0c44253f-c4a3-4340-9d37-d41e42b9d14a/5e72a812-a6be-42e9-a642-7943c0d2348a/300x300.jpg
Promotions,78c810a3-b357-44a9-a905-966120781c43,MPX_2838768,Côte D'or Tablette Chocolat Noir Aux Amandes Entières 180g,3.75,20.83,"['Promotions', 'Les promos à ne pas manquer', 'Le 2ème à moins 50%']",Côte d'Or,True,False,false,2.0,MONTH,180g,[],https://courses.monoprix.fr/images-v3/0c44253f-c4a3-4340-9d37-d41e42b9d14a/ef754aa4-d548-4322-a529-485af0f7b864/300x300.jpg
Promotions,ebddfd80-d00a-4bf9-bf6b-de2569cf49b8,MPX_3172462,Barilla pates coquillettes bio 500g,2.29,4.58,"['Bio', 'Epicerie salée bio', 'Pâte bio']",Barilla,True,False,false,6.0,MONTH,500g,['Produit bio'],https://courses.monoprix.fr/images-v3/0c44253f-c4a3-4340-9d37-d41e42b9d14a/d0f8a032-375a-458c-9a37-496edb71823f/300x300.jpg
Promotions,08edefc8-44be-43f6-a907-2d867f483e41,MPX_4214789,Cassegrain Aubergines À L'Italienne Mozarella Fondante 400G,5.49,13.73,"['Promotions', 'Les promos à ne pas manquer', 'Promo 30% de remise immédiate']",Cassegrain,True,False,false,6.0,MONTH,400g,['Produit congelé'],https://courses.monoprix.fr/images-v3/0c44253f-c4a3-4340-9d37-d41e42b9d14a/dc75c4d5-3ca5-40eb-bc1d-322feb0258b5/300x300.jpg
Promotions,d88bec28-3be8-4e8e-9462-978fa63cb738,MPX_3292333,Lindt Chocolat Noir Doux Extra Fin 85% Cacao 100G,2.99,29.9,"['Promotions', 'Les promos à ne pas manquer', 'Le 2ème à moins 50%']",Lindt,True,False,false,2.0,MONTH,100g,['Produit végétarien'],https://courses.monoprix.fr/images-v3/0c44253f-c4a3-4340-9d37-d41e42b9d14a/5e4c483b-12da-4303-ba52-a946deffb7b1/300x300.jpg
Promotions,6e06804c-a774-4a0a-a4ba-5c0dfd02fb82,MPX_3306887,Knorr Bouillon de Poule Bio 6 Cubes 60g,1.95,29.55,"['Promotions', 'Promo Exclusivités Web', 'Bouillon et Fond de sauce Knorr, 50% sur le 2ème']",Knorr,True,False,false,2.0,MONTH,66g,['Produit bio'],https://courses.monoprix.fr/images-v3/0c44253f-c4a3-4340-9d37-d41e42b9d14a/2df9ceff-81b3-4ba7-a201-24884dd7d878/300x300.jpg
Promotions,14ea52ac-105e-4614-a073-2f659fd7e335,MPX_3612490,Yoplait Perle De Lait Coco Yaourt Brassé Pots 4x125g,2.49,4.98,"['Produits Laitiers, Œufs et Fromages', 'Yaourts', 'Yaourts aromatisés et aux fruits']",PERLE DE LAIT,True,False,false,1.0,WEEK,4 x 125g,[],https://courses.monoprix.fr/images-v3/0c44253f-c4a3-4340-9d37-d41e42b9d14a/c051e210-e894-46ee-aeee-fb5b501b2813/300x300.jpg
Promotions,63b0856c-9664-40c4-b8b0-8d6ed0b77ee4,MPX_2428359,Bonne Maman 10 Financiers 250g,5.15,20.6,"['Promotions', 'Les promos à ne pas manquer', 'Le 2ème à moins 50%']",Bonne Maman,True,False,false,1.0,MONTH,250g,[],https://courses.monoprix.fr/images-v3/0c44253f-c4a3-4340-9d37-d41e42b9d14a/04c762f7-455e-445d-a360-bc9d8a1ff3c3/300x300.jpg
Promotions,600569f3-7922-4c21-9a2d-498e2f4f3109,MPX_6621866,Mutti Tomates Pelées Zéro Résidu de Pesticides 400g,1.59,6.12,"['Promotions', 'Promo Epicerie', 'Promo Epicerie Salée']",Mutti,True,False,false,1.0,YEAR,260g,['Produit vegan'],https://courses.monoprix.fr/images-v3/0c44253f-c4a3-4340-9d37-d41e42b9d14a/41959815-b4f3-43b2-97ae-052936e08784/300x300.jpg
Promotions,eb065861-6152-41d3-9ce5-28ca465023ee,MPX_3860531,"Lutecia Eau Minérale Naturelle 6x1,5L",3.99,0.44,"['Boissons et Lait', 'Eau', 'Eau plate']",Lutecia,True,False,false,6.0,MONTH,6 x 1.5L,[],https://courses.monoprix.fr/images-v3/0c44253f-c4a3-4340-9d37-d41e42b9d14a/c41ff004-37b5-438d-8472-310bb83aa880/300x300.jpg
Promotions,a82eeb36-2f0c-407d-963d-8ae8c392c73e,MPX_6662360,Signal integral 8 dentifrice complet prébiotique 75ml,2.69,17.93,"['Hygiène & Beauté', 'Hygiène dentaire', 'Dentifrices', 'Soin complet']",Signal,True,False,false,,,150ml,[],https://courses.monoprix.fr/images-v3/0c44253f-c4a3-4340-9d37-d41e42b9d14a/0e7654ad-b23b-4b05-945d-8f4c4d7b1381/300x300.jpg
Promotions,84dc7d77-6563-411b-a20c-6a653823dacf,MPX_2428276,Poco Loco 6 Wraps Original 370g,2.35,6.35,"['Produits du monde', 'Mexique - México', 'Tortilla et Wrap']",Poco Loco,True,False,false,1.0,MONTH,370g,"['Produit végétarien', 'Produit vegan']",https://courses.monoprix.fr/images-v3/0c44253f-c4a3-4340-9d37-d41e42b9d14a/dc655988-693a-4f9b-8201-a77ffe585f62/300x300.jpg
Promotions,92415835-67bd-4e97-8830-720191a95753,MPX_156058,Monoprix huile de colza 1L,2.69,2.69,"['Promotions', 'Promo Epicerie', 'Promo Epicerie Salée']",Monoprix,True,False,false,2.0,MONTH,1L,[],https://courses.monoprix.fr/images-v3/0c44253f-c4a3-4340-9d37-d41e42b9d14a/33614d29-dd9b-4ab3-bb8e-7463877c1e39/300x300.jpg
Promotions,7eae4945-5953-46ee-919b-810bd8d395d8,MPX_1688044,Herta allumettes de bacon 200g,2.84,14.2,"['Charcuterie et Traiteur', 'Charcuterie', 'Lardons, Dés et Poitrine', 'Lardon et Allumette']",Herta,True,False,false,1.0,WEEK,200g,[],https://courses.monoprix.fr/images-v3/0c44253f-c4a3-4340-9d37-d41e42b9d14a/4e81400c-1c66-406c-85b3-53c7925704c6/300x300.jpg
Promotions,08d02164-ad1d-49fd-a60a-8ca2113044ed,MPX_2414173,Barilla pâtes penne rigate sans gluten 400g,2.65,6.63,"['Epicerie Salée', 'Pâte, Riz, Céréale et Purée', 'Pâtes', 'Pâtes courtes']",Barilla,True,False,false,6.0,MONTH,400g,['Produit végétarien'],https://courses.monoprix.fr/images-v3/0c44253f-c4a3-4340-9d37-d41e42b9d14a/319756f8-c2c8-4a52-840b-37409cbd92e4/300x300.jpg
Promotions,f7bb9d89-edca-41a3-85cb-6ed268af2bed,MPX_116903,Le Petit Basque Yaourt caillé à la vanille au lait de brebis 2x125g,2.59,10.36,"['Produits Laitiers, Œufs et Fromages', 'Yaourts', 'Chèvres et Brebis']",Le Petit Basque,True,False,false,1.0,WEEK,2 x 125g,[],https://courses.monoprix.fr/images-v3/0c44253f-c4a3-4340-9d37-d41e42b9d14a/1a59dc4b-3ebe-4e60-a5e4-bbb4e6c7b807/300x300.jpg
Promotions,f50eefd4-76e2-4db8-bd4e-bccefd80e7fb,MPX_954848,"Devaux Champagne AOP, Brut, Blanc de Noirs 75cl",27.9,37.2,"['Noël', 'Promos de Noël', ""Promos repas festif,\xa0jusqu'à 50% sur le 2ème sur une sélection festive""]",Devaux,True,False,false,,,750ml,[],https://courses.monoprix.fr/images-v3/0c44253f-c4a3-4340-9d37-d41e42b9d14a/90728079-5a4d-40d5-8a22-641f55ff5dfd/300x300.jpg
Promotions,bae9bb4f-9943-40da-9ba1-12f7357e3542,MPX_3636509,Maison Colibri Madeleines Noisette Coque Chocolat Au Lait X8 250G,5.55,22.2,"['Promotions', 'Les promos à ne pas manquer', 'Promo 30% de remise immédiate']",Maison colibri,True,False,false,1.0,MONTH,250g,[],https://courses.monoprix.fr/images-v3/0c44253f-c4a3-4340-9d37-d41e42b9d14a/9e4aa02c-efd3-40a3-9525-195112ea136c/300x300.jpg
Promotions,7bc8a644-0306-4a88-b4de-7b8da1606d6d,MPX_5457769,Colgate Total Dentifrice Classique soin complet 75ml,3.19,42.53,"['Hygiène & Beauté', 'Hygiène dentaire', 'Dentifrices', 'Soin complet']",Colgate,True,False,false,6.0,MONTH,75ml,[],https://courses.monoprix.fr/images-v3/0c44253f-c4a3-4340-9d37-d41e42b9d14a/04cad2f5-65af-4cfa-9daf-85dcafc3f386/300x300.jpg
Promotions,aeec7999-2b33-4096-95a5-f345cf4521ec,MPX_3563217,Hipro Yaourt À Boire Fraise Framboise 25% Protéines 300g,2.95,9.83,"['Nos sélections', 'Inspiration du moment', '& Kit du sportif', 'Dessert lacté protéiné']",Hipro,True,False,false,1.0,WEEK,300g,[],https://courses.monoprix.fr/images-v3/0c44253f-c4a3-4340-9d37-d41e42b9d14a/fab9d5ce-688c-42a9-a8f0-bb84cb6d9c15/300x300.jpg
Promotions,0ae086dd-a45c-417a-9093-00067bd65ce8,MPX_6679600,Le Chat sensitive savon de Marseille 63 lavages 2.8L,18.9,6.67,"['Entretien & Nettoyage', 'Lessive et soin du linge', 'Lessive', 'Lessive liquide']",Le Chat,True,False,false,,,2.835L,[],https://courses.monoprix.fr/images-v3/0c44253f-c4a3-4340-9d37-d41e42b9d14a/659ddc1a-3396-4c16-830d-21e23f8a58a6/300x300.jpg
Promotions,31e1421d-b72c-4e78-bb26-aaeb2ea94f3e,MPX_6720001,"Lysol Désinfectant du linge Linge Frais 1,5L",6.99,4.66,"['Nos sélections', 'Nouveau sur le site', 'Entretien']",Lysol,True,False,false,6.0,MONTH,1.5L,[],https://courses.monoprix.fr/images-v3/0c44253f-c4a3-4340-9d37-d41e42b9d14a/fbc514dc-a9ef-4870-abd6-7a6b808384a0/300x300.jpg
Promotions,0e16a853-e547-478f-820d-5955eef3057f,MPX_2338116,Naturalia Œufs Frais Bio x6,2.72,0.45,"['Naturalia', 'Crèmerie', 'Oeufs']",NATURALIA,True,False,false,1.0,WEEK,6 par pack,['Produit bio'],https://courses.monoprix.fr/images-v3/0c44253f-c4a3-4340-9d37-d41e42b9d14a/ef0e4ade-a285-4d52-911a-d6688d89692f/300x300.jpg
Promotions,5775b983-bd86-430a-b61e-7b1892673c8e,MPX_5539979,Eau Ecarlate Décolor stop maxi protect x37,8.65,0.23,"['Entretien & Nettoyage', 'Lessive et soin du linge', 'Détachant et Anti-décoloration', 'Anti-coloration']",Décolor Stop,True,False,false,,,37 par pack,[],https://courses.monoprix.fr/images-v3/0c44253f-c4a3-4340-9d37-d41e42b9d14a/ac891dda-3953-4cd6-aae9-b11331ff54a1/300x300.jpg
Promotions,b4a59f9e-e06d-4367-9fb5-32ef74a50d0e,MPX_1677359,Matin Leger Lait Sans Lactose 6x50cl,8.69,2.9,"['Boissons et Lait', 'Lait', 'Lait UHT demi-écrémé']",Matin leger,True,False,false,4.0,WEEK,6 x 50cl,[],https://courses.monoprix.fr/images-v3/0c44253f-c4a3-4340-9d37-d41e42b9d14a/f4d75d8a-9bf6-405d-88ea-cf392153368b/300x300.jpg
Promotions,b93a7791-a8d2-4a38-9b65-8b8b0efa5562,MPX_3872406,Côte D'Or Tablette Chocolat Noir 70% Intense 100g,1.65,16.5,"['Promotions', 'Les promos à ne pas manquer', 'Le 2ème à moins 50%']",Côte d'Or,True,False,false,6.0,MONTH,100g,[],https://courses.monoprix.fr/images-v3/0c44253f-c4a3-4340-9d37-d41e42b9d14a/e696ff59-8e27-46ca-8a7b-15a84a302058/300x300.jpg
Promotions,f7151c92-75b1-45ff-8622-f44f8c4d93a4,MPX_4261060,Yoplait Perle De Lait Nature Yaourt Brassé Pots 4x125g,2.35,4.7,"['Produits Laitiers, Œufs et Fromages', 'Yaourts', 'Yaourts natures']",Yoplait,True,False,false,1.0,WEEK,4 x 125g,[],https://courses.monoprix.fr/images-v3/0c44253f-c4a3-4340-9d37-d41e42b9d14a/635fc165-d3d4-4fe3-92bf-571cfdba1f66/300x300.jpg
Promotions,4ef9d3e1-48a9-4c7f-a564-89ef6cca89c9,MPX_2838415,Fleury Michon Filet De Poulet Pommes De Terre À La Sarladaise 300G,4.69,15.63,"['Charcuterie et Traiteur', 'Pause Déjeuner', 'Plats cuisinés', 'Plats classiques']",Fleury Michon,True,False,false,1.0,WEEK,300g,[],https://courses.monoprix.fr/images-v3/0c44253f-c4a3-4340-9d37-d41e42b9d14a/4e4e63ed-fa0a-4a61-b978-e407b612fc50/300x300.jpg
Promotions,c21b7499-4909-4282-91b9-7be565d1d57f,MPX_2963193,Lindt Excellence Tablette De Chocolat Noir 78% 100g,2.59,25.9,"['Promotions', 'Les promos à ne pas manquer', 'Le 2ème à moins 50%']",Lindt,True,False,false,2.0,MONTH,100g,[],https://courses.monoprix.fr/images-v3/0c44253f-c4a3-4340-9d37-d41e42b9d14a/53884a5e-d13c-40c9-a3b7-d4569af31d7a/300x300.jpg
Promotions,82510d90-403c-4686-8cdf-f5f4bbdcd027,MPX_2713536,Ferme d'Anchin Velouté Bio aux Champignons et Cèpes,3.09,10.3,"['Fruits & Légumes', 'Soupes & Purées', 'Soupes à réchauffer']",Les Recettes Ferme d'Anchin,True,False,false,1.0,WEEK,300ml,['Produit bio'],https://courses.monoprix.fr/images-v3/0c44253f-c4a3-4340-9d37-d41e42b9d14a/4b7f39b4-2303-4ff9-be95-181eed354ba9/300x300.jpg
Promotions,dc017b3e-68cc-453f-82a0-ed502ed81d59,MPX_3046329,Bonne Maman Petits Marbrés Au Chocolat 300G,4.69,15.63,"['Promotions', 'Les promos à ne pas manquer', 'Le 2ème à moins 50%']",BONNE MAMAN,True,False,false,1.0,MONTH,300g,[],https://courses.monoprix.fr/images-v3/0c44253f-c4a3-4340-9d37-d41e42b9d14a/5f1cca8a-7a60-4396-87e0-c370bc7fc301/300x300.jpg
Promotions,ae504656-0405-4bec-96da-b1681bdd7d7a,MPX_3612206,"Atelier Blini, Blinis Bio X8 160G",3.19,19.94,"['Pain et Viennoiserie', 'Toast, Canapé et Blini', 'Blini']",Atelier blini,True,False,false,1.0,WEEK,160g,['Produit bio'],https://courses.monoprix.fr/images-v3/0c44253f-c4a3-4340-9d37-d41e42b9d14a/51d25696-96f5-48eb-b9c3-788dfa1f9c1a/300x300.jpg
Promotions,ec04143c-0d2b-4ec7-b3d0-e936f200cf07,MPX_3526830,Monoprix Frites Bistrot coupe avec peau préfrites 500g,3.89,7.78,"['Nos sélections', 'Boutique Enfants', 'Repas facile pour les enfants', 'Repas']",Monoprix,True,False,false,6.0,MONTH,500g,['Produit congelé'],https://courses.monoprix.fr/images-v3/0c44253f-c4a3-4340-9d37-d41e42b9d14a/9cad7e26-b2c5-4ca4-a2a1-68bd6e59bf9c/300x300.jpg
Promotions,bb39fe61-8c9a-48f2-91b9-8cf9d5bdedf6,MPX_6624478,Danone Hipro Crème Dessert 18g Protéines Vanille 180g,1.99,11.06,"['Nos sélections', 'Inspiration du moment', '& Kit du sportif', 'Dessert lacté protéiné']",Hipro,True,False,false,1.0,WEEK,180g,[],https://courses.monoprix.fr/images-v3/0c44253f-c4a3-4340-9d37-d41e42b9d14a/b89a50c0-a7fb-4eb3-a8af-38bdad8963ba/300x300.jpg
Promotions,2586a961-5bfb-4750-a22a-3b9ecc3f3216,MPX_951323,Bons Mayennais Camembert 250g,2.69,10.76,"['Produits Laitiers, Œufs et Fromages', 'Fromages à déguster, à la coupe', 'Camembert, Brie et Coulommiers']",Bons mayennais,True,False,false,3.0,WEEK,250g,[],https://courses.monoprix.fr/images-v3/0c44253f-c4a3-4340-9d37-d41e42b9d14a/12e553f1-164c-4c5b-ad9a-2d8c20f8c23a/300x300.jpg
Promotions,9a5f489a-a8c2-46ca-88a0-ceedf0c940e7,MPX_3167867,L'Atelier Blini Olives Vertes Dénoyautées au Basilic Bio 150g,4.49,29.93,"['Fruits & Légumes', 'Prêts à consommer', 'Olives et Tapenades']",Atelier blini,True,False,false,2.0,WEEK,150g,['Produit bio'],https://courses.monoprix.fr/images-v3/0c44253f-c4a3-4340-9d37-d41e42b9d14a/bf81f532-f36e-4fe8-870c-7efc19923b5b/300x300.jpg
Promotions,9e5f66b5-9e21-4ee7-9d74-2d21c956cad3,MPX_2414170,Barilla pates spaghetti sans gluten 400g,2.65,6.63,"['Epicerie Salée', 'Pâte, Riz, Céréale et Purée', 'Pâtes', 'Pâtes longues']",Barilla,True,False,false,6.0,MONTH,400g,[],https://courses.monoprix.fr/images-v3/0c44253f-c4a3-4340-9d37-d41e42b9d14a/0d05590f-6a23-40da-bf10-4c9860ed324d/300x300.jpg
Promotions,3e49c45c-4528-4fdf-837b-28fe4a4883d9,MPX_3046720,Mc Vitie's Biscuits Sablés Anglais 400g,2.65,6.63,"['Promotions', 'Les promos à ne pas manquer', 'Le 2ème à moins 50%']",Mc Vitie's,True,False,false,2.0,MONTH,400g,[],https://courses.monoprix.fr/images-v3/0c44253f-c4a3-4340-9d37-d41e42b9d14a/db445160-ad52-44ff-82ab-105574a4bb28/300x300.jpg
Promotions,2c18683a-408a-4614-959b-5acb24c87ee0,MPX_2575305,Labeyrie Saumon Fumé Le Norvège 75G,5.75,76.67,"['Produits de la Mer', 'Traiteur de la Mer', 'Saumons et truites fumées']",Labeyrie,True,False,false,6.0,DAY,75g,[],https://courses.monoprix.fr/images-v3/0c44253f-c4a3-4340-9d37-d41e42b9d14a/36b0c6de-92c4-4ba8-a1d8-0150a9ea9f82/300x300.jpg
Promotions,f56d5e3d-3e38-4028-8426-ca8dd70ff9d7,MPX_3306886,Knorr Bouillon Saveur Légumes Bio 6 Cubes 60g,2.09,34.83,"['Promotions', 'Promo Exclusivités Web', 'Bouillon et Fond de sauce Knorr, 50% sur le 2ème']",Knorr,True,False,false,2.0,MONTH,60g,"['Produit végétarien', 'Produit vegan', 'Produit bio']",https://courses.monoprix.fr/images-v3/0c44253f-c4a3-4340-9d37-d41e42b9d14a/21adab50-952d-4e1c-842d-cb7a162b0f1b/300x300.jpg
Promotions,16235e70-0293-43f7-bdc8-3bb3619ec9fe,MPX_6712456,Lenor Adoucissant Fleur de Cerisier 40 Lavages 840ml,4.99,5.94,"['Entretien & Nettoyage', 'Lessive et soin du linge', 'Adoucissant', 'Concentré']",Lenor,True,False,false,,,840ml,[],https://courses.monoprix.fr/images-v3/0c44253f-c4a3-4340-9d37-d41e42b9d14a/8c11a610-2f74-4994-940f-9eded5b731ed/300x300.jpg
Promotions,8bf11729-da2a-468d-9372-2d930ea98de5,MPX_6695786,Hipro Protéines Crème Dessert saveur Chocolat Noisette 180g,1.99,11.06,"['Nos sélections', 'Inspiration du moment', '& Kit du sportif', 'Dessert lacté protéiné']",Danone,True,False,false,1.0,WEEK,180g,[],https://courses.monoprix.fr/images-v3/0c44253f-c4a3-4340-9d37-d41e42b9d14a/5bb88cd7-8859-49cd-9f32-114d3b4d1f9c/300x300.jpg
Promotions,d9003a12-d072-43fd-abcf-3297d82b90a5,MPX_1117961,Fleury Michon Filet de Saumon Purée de Brocolis 300g,5.19,17.3,"['Charcuterie et Traiteur', 'Pause Déjeuner', 'Plats cuisinés', 'Plats classiques']",Fleury michon,True,False,false,1.0,WEEK,300g,[],https://courses.monoprix.fr/images-v3/0c44253f-c4a3-4340-9d37-d41e42b9d14a/1c13120d-55e7-4108-9d24-ebda3742afd6/300x300.jpg
Promotions,dbfb7622-8bd7-4ebd-a67f-650c36e30cb4,MPX_6564937,Swiffer Lingettes Balai x36,8.45,8.45,"['Entretien & Nettoyage', 'Accessoire menager', 'Eponge et lavette']",Swiffer,True,False,false,,,,[],https://courses.monoprix.fr/images-v3/0c44253f-c4a3-4340-9d37-d41e42b9d14a/72d0ab35-9c5d-44de-8cde-92da00e8488a/300x300.jpg
Promotions,2e294870-3280-48ad-8705-6f8f83cc1b49,MPX_2188624,Tien Shan Nouilles De Blé Instantanées Asiatiques Saveur Boeuf 85G,0.99,11.65,"['Produits du monde', 'Asie 亚洲', 'Nouilles et Vermicelles']",Tanoshi,True,False,false,1.0,MONTH,85g,[],https://courses.monoprix.fr/images-v3/0c44253f-c4a3-4340-9d37-d41e42b9d14a/3957ad34-10c4-4067-a6ec-b2c8cb11914b/300x300.jpg
Promotions,7315c979-ff4c-4ba5-847e-73b32a3b4afb,MPX_6675563,Hipro Yaourt stracciatella protéiné 0% mg 2x160g,2.99,9.34,"['Produits Laitiers, Œufs et Fromages', 'Yaourts', 'Yaourts allégés et 0%']",Danone,True,False,false,1.0,WEEK,2 x 160g,[],https://courses.monoprix.fr/images-v3/0c44253f-c4a3-4340-9d37-d41e42b9d14a/cb18dad0-5e11-452d-9637-8f3d0142931a/300x300.jpg
Promotions,9e4834da-0b19-49d6-9175-36a53812a8d9,MPX_3524269,Nestle dessert Pépites de chocolat noir 100g,3.39,33.9,"['Epicerie Sucrée', 'Sucre, Farine et Aide à la pâtisserie', 'Chocolat à pâtisser']",Nestlé Dessert,True,False,false,2.0,MONTH,100g,[],https://courses.monoprix.fr/images-v3/0c44253f-c4a3-4340-9d37-d41e42b9d14a/7393c4e2-670b-48c2-9e6c-3ccbeedfa3dd/300x300.jpg
Promotions,aba84414-8ce5-4d8f-bca2-f5aaf7005354,MPX_4261057,Yoplait Perle De Lait Citron Yaourt Brassé Pots 4x125g,2.49,4.98,"['Produits Laitiers, Œufs et Fromages', 'Yaourts', 'Yaourts aromatisés et aux fruits']",Perle de lait,True,False,false,1.0,WEEK,4 x 125g,[],https://courses.monoprix.fr/images-v3/0c44253f-c4a3-4340-9d37-d41e42b9d14a/ae2e0651-13a1-44f2-9070-c0a8c7b15ad3/300x300.jpg
Promotions,b0135e14-c017-4a15-9001-4dccb06f0f3d,MPX_1786617,Bonne Maman 10 Petits Quatre-Quart 300 G,4.29,14.3,"['Promotions', 'Les promos à ne pas manquer', 'Le 2ème à moins 50%']",Bonne Maman,True,False,false,1.0,MONTH,300g,[],https://courses.monoprix.fr/images-v3/0c44253f-c4a3-4340-9d37-d41e42b9d14a/844a8050-0955-4a63-9eb9-faaa1b12670c/300x300.jpg
Promotions,fdbd1e70-bf4e-4e5a-abdc-523c0988bce6,MPX_6596400,"Pampers premium protection taille 5, couches x34, 11kg - 16kg",19.9,0.59,"['Promotions', 'Les promos à ne pas manquer', 'Le 2ème à moins 50%']",Pampers,True,False,false,,,34 par pack,[],https://courses.monoprix.fr/images-v3/0c44253f-c4a3-4340-9d37-d41e42b9d14a/a229e23a-1b40-4555-9dd3-d3f44a3f3730/300x300.jpg
Promotions,54aafcce-e176-4212-bd8b-7550fbf3b2a3,MPX_1948686,Domaine J. Dupagneux Morgon Côte Du Py Aop Rouge 75Cl,9.9,13.2,"['Nos sélections', 'Inspiration du moment', '& Apéro entre amis', 'Boissons et Vins']",J. Depagneux,True,False,false,,,75cl,[],https://courses.monoprix.fr/images-v3/0c44253f-c4a3-4340-9d37-d41e42b9d14a/38072731-2fd4-4d33-af51-e004ee5d1aa4/300x300.jpg
Promotions,deca6f9c-e1bc-4990-a796-f8b5daf8dddf,MPX_6582527,"Pampers premium protection taille 4, couches x39, 9kg - 14kg",19.9,0.51,"['Promotions', 'Les promos à ne pas manquer', 'Le 2ème à moins 50%']",Pampers,True,False,false,,,39 par pack,[],https://courses.monoprix.fr/images-v3/0c44253f-c4a3-4340-9d37-d41e42b9d14a/8591c72b-3c8f-4cc7-b8a3-e849071c110b/300x300.jpg
Promotions,f977e67f-282a-4883-b19b-12fe5a2aaeae,MPX_2520769,Lindt Excellence Tablette Chocolat Noir Framboise Intense 100g,2.75,27.5,"['Promotions', 'Les promos à ne pas manquer', 'Le 2ème à moins 50%']",Lindt,True,False,false,2.0,MONTH,100g,[],https://courses.monoprix.fr/images-v3/0c44253f-c4a3-4340-9d37-d41e42b9d14a/c6ff28da-08fb-4d15-af96-67977b68ff8f/300x300.jpg
Promotions,8aeac74e-79af-4d87-b4a0-251d394b9088,MPX_1045512,Leffe bière blonde abbaye en canette 50 cl,1.89,3.78,"['Bière, Cave et Spiritueux', 'Bières et Cidres', 'Bières Blondes']",Leffe,True,False,false,1.0,MONTH,500ml,[],https://courses.monoprix.fr/images-v3/0c44253f-c4a3-4340-9d37-d41e42b9d14a/62d3e41b-aba9-4760-aa4c-300b198abcfe/300x300.jpg
Promotions,352ca61a-32cc-4b13-a5e7-fc20b9a2d464,MPX_2849654,Atelier blini tzatziki le pot de 200 g,2.85,14.25,"['Epicerie Salée', 'Produit apéritif', 'Tartinable et Produit de la Mer', 'Tapenade et Autre Tartinable']",Blini,True,False,false,1.0,WEEK,200g,[],https://courses.monoprix.fr/images-v3/0c44253f-c4a3-4340-9d37-d41e42b9d14a/bef2e6ac-c734-4fdd-85fc-afa809697e27/300x300.jpg
Promotions,0c76e713-6c30-4110-a678-d0e46cd71cbf,MPX_966326,Côte D'Or Tablette Chocolat Au Lait Praliné Double Lait 200g,3.75,18.75,"['Promotions', 'Les promos à ne pas manquer', 'Le 2ème à moins 50%']",Côte d'Or,True,False,false,2.0,MONTH,200g,['Produit bio'],https://courses.monoprix.fr/images-v3/0c44253f-c4a3-4340-9d37-d41e42b9d14a/c86b5762-9943-4559-9591-8688b5c3374f/300x300.jpg
Promotions,593463fd-3171-4406-b38b-5fd9c1cfa64e,MPX_2948867,L'Or Espresso Café Lungo Mattinata intensité 5 x10 capsules 52g,3.49,67.12,"['Epicerie Sucrée', 'Café, Thé et Boisson chaude', 'Café', 'Compatible Nespresso']",L'Or,True,False,false,2.0,MONTH,52g,['Produit bio'],https://courses.monoprix.fr/images-v3/0c44253f-c4a3-4340-9d37-d41e42b9d14a/9bbd2c5e-684f-4e82-abad-05f481a7ea07/300x300.jpg
Promotions,a1735ee5-e0c9-4a65-9f84-0c92d6e6f7ef,MPX_6580437,Starbucks by Nespresso caramel x10 capsules 51g,4.99,97.84,"['Epicerie Sucrée', 'Café, Thé et Boisson chaude', 'Café', 'Compatible Nespresso']",Starbucks,True,False,false,2.0,MONTH,51g,[],https://courses.monoprix.fr/images-v3/0c44253f-c4a3-4340-9d37-d41e42b9d14a/87be8a58-c8dc-4693-9b1a-3e02f580cf69/300x300.jpg
Promotions,bcaaf440-5f7a-4cb5-9adb-5dfcb44fb7fe,MPX_2687270,Monoprix Gourmet Comté Aop Env. 200/300G,5.73,22.9,"['Noël', 'Promos de Noël', ""Promos repas festif,\xa0jusqu'à 50% sur le 2ème sur une sélection festive""]",Monoprix Gourmet,True,False,false,1.0,WEEK,250,[],https://courses.monoprix.fr/images-v3/0c44253f-c4a3-4340-9d37-d41e42b9d14a/999a4bad-aa12-4722-9e77-a36a1daa04a6/300x300.jpg
Promotions,1a56face-8c41-4619-98c6-c98e5a2421a4,MPX_3167866,Atelier Blini Olives Bio Ail et Origan 150g,4.59,30.6,"['Epicerie Salée', 'Produit apéritif', 'Olive et Légume mariné', 'Olive verte']",Atelier Blini,True,False,false,2.0,WEEK,150g,['Produit bio'],https://courses.monoprix.fr/images-v3/0c44253f-c4a3-4340-9d37-d41e42b9d14a/da752ab8-44c5-4852-9282-6a917484660e/300x300.jpg
Promotions,bd3336e8-1f39-4096-ad19-c59b6f8ead46,MPX_160395,Côte D'or Mignonnettes Tablette Chocolat Noir 24x10g,5.35,22.29,"['Promotions', 'Les promos à ne pas manquer', 'Le 2ème à moins 50%']",Côte d'Or,True,False,false,6.0,MONTH,240g,[],https://courses.monoprix.fr/images-v3/0c44253f-c4a3-4340-9d37-d41e42b9d14a/0cca4387-68cb-4826-ae37-474f62c65a71/300x300.jpg
Promotions,9ef5ec9f-5c32-4a4f-9c00-b080e6b9b0e1,MPX_1512783,Knorr Soupe Déshydratée Thaï Nouilles Champignons Pousses de Soja 69g,2.19,31.74,"['Promotions', 'Promo Epicerie', 'Promo Epicerie Salée']",Knorr,True,False,false,2.0,MONTH,69g,[],https://courses.monoprix.fr/images-v3/0c44253f-c4a3-4340-9d37-d41e42b9d14a/4c9a11d0-17e6-4232-9f54-6bc91a7f6db4/300x300.jpg
Promotions,b3e0ea61-1c35-4203-bb54-a5f79b6ea42f,MPX_4236019,Hipro Yaourt À Boire Mangue 25g Protéines 300g,2.79,9.3,"['Nos sélections', 'Inspiration du moment', '& Kit du sportif', 'Dessert lacté protéiné']",Danone,True,False,false,1.0,WEEK,300g,[],https://courses.monoprix.fr/images-v3/0c44253f-c4a3-4340-9d37-d41e42b9d14a/60baba4f-6bda-4787-befb-e8439f8ee395/300x300.jpg
Promotions,ec9c4952-176b-41ca-8b4d-11378af383bd,MPX_6602105,Herta Trésor de Grand-Mère Pâte Brisée pur beurre 280g,2.99,10.68,"['Promotions', 'Les promos à ne pas manquer', 'Le 2ème à moins 50%']",HERTA,True,False,false,6.0,DAY,280g,[],https://courses.monoprix.fr/images-v3/0c44253f-c4a3-4340-9d37-d41e42b9d14a/2936c264-b123-4a88-943b-0f5bde585ca0/300x300.jpg
Promotions,d2337f02-6166-47cb-8319-94b7e5c23fa9,MPX_2787141,Tanoshi Japon Sauce Soja Réduite En Sel 200Ml,3.99,19.95,"['Produits du monde', 'Asie 亚洲', 'Sauce soja, Nems et Nuoc mam']",Tanoshi,True,False,false,2.0,MONTH,200ml,['Produit végétarien'],https://courses.monoprix.fr/images-v3/0c44253f-c4a3-4340-9d37-d41e42b9d14a/1cb1667c-cbfb-4e71-acd7-daab13f2c83b/300x300.jpg
Promotions,2050b7c4-23f3-4e3d-8db2-56add242a4bd,MPX_6611985,Gallia Bière Champ Libre 6x33cl,10.5,5.3,"['Bière, Cave et Spiritueux', 'Bières et Cidres', 'Cave à Bières']",Gallia,True,False,false,2.0,MONTH,6 x 33cl,[],https://courses.monoprix.fr/images-v3/0c44253f-c4a3-4340-9d37-d41e42b9d14a/c8e7a731-9b90-4e54-a0ad-48947a6580e0/300x300.jpg
Promotions,6f181efe-4f56-4d80-858b-e3779a93134c,MPX_6699250,Pampers Harmonie Couches T4 x36,19.9,0.55,"['Promotions', 'Les promos à ne pas manquer', 'Le 2ème à moins 68%']",Pampers,True,False,false,,,36 par pack,[],https://courses.monoprix.fr/images-v3/0c44253f-c4a3-4340-9d37-d41e42b9d14a/f38b377a-2126-4436-8177-abd8d3f350d6/300x300.jpg
Promotions,0264eda8-2cda-47d0-977a-832650ce1ab9,MPX_2650798,Tartare Ail Et Fines Herbes 10 Portions 160G,2.55,15.94,"['Promotions', 'Promo Exclusivités Web', 'Fromage Tartare, 50% sur le 2ème']",Tartare,True,False,false,1.0,WEEK,160g,[],https://courses.monoprix.fr/images-v3/0c44253f-c4a3-4340-9d37-d41e42b9d14a/12bee558-6fe5-4a21-a306-1ae68a751765/300x300.jpg
Promotions,e86ed578-c716-42f9-b7a0-f868529227b6,MPX_2787278,Bonduelle piémontaise au poulet rôti 320g,3.39,10.59,"['Charcuterie et Traiteur', 'Salade et Sandwich', 'Crudités']",Bonduelle,True,False,false,4.0,DAY,320g,[],https://courses.monoprix.fr/images-v3/0c44253f-c4a3-4340-9d37-d41e42b9d14a/8dff1022-ebea-45bd-9976-b64e98458214/300x300.jpg
Promotions,9553088f-ba03-4c5b-a87f-b284f392ca39,MPX_1762187,Lindt Boule Lindor Chocolat Au Lait 200g,6.39,31.95,"['Noël', 'Chocolats de Noël', 'Assortiments de chocolats', 'Lindt']",Lindt,True,False,false,4.0,WEEK,200g,[],https://courses.monoprix.fr/images-v3/0c44253f-c4a3-4340-9d37-d41e42b9d14a/c6fa141f-1f15-482f-a751-6494fac744c1/300x300.jpg
Promotions,33444079-4cc4-4fcf-a648-85822414e109,MPX_1045401,Monoprix Gourmet mousse de chocolat sur ganache au chocolat 2x88g,3.25,18.47,"['Produits Laitiers, Œufs et Fromages', 'Desserts', 'Mousses et Liégeois']",Monoprix Gourmet,True,False,false,1.0,WEEK,2 x 88g,[],https://courses.monoprix.fr/images-v3/0c44253f-c4a3-4340-9d37-d41e42b9d14a/07ee2f3f-9160-4f40-a193-8f0444dd4db2/300x300.jpg
Promotions,b7a361a5-b78c-4c84-aef7-a7c2f239ccfa,MPX_3526690,"Tortillas au Blé Bio x6, 240g",2.25,9.38,"['Produits du monde', 'Mexique - México', 'Tortilla et Wrap']",Poco Loco,True,False,false,1.0,MONTH,240g,"['Produit végétarien', 'Produit bio']",https://courses.monoprix.fr/images-v3/0c44253f-c4a3-4340-9d37-d41e42b9d14a/e0f3e0bf-5edb-44f8-995b-b67e8254caee/300x300.jpg
Promotions,a0d20a0b-fa20-4e89-8255-1510b6c52d1b,MPX_3011270,Cassegrain haricots beurre extra-fins 220g,2.99,13.59,"['Promotions', 'Les promos à ne pas manquer', 'Le 2ème à moins 50%']",Cassegrain,True,False,false,1.0,YEAR,220g,['Produit vegan'],https://courses.monoprix.fr/images-v3/0c44253f-c4a3-4340-9d37-d41e42b9d14a/a670f958-4f59-407f-9630-3969504de54f/300x300.jpg
Promotions,a96d4984-c683-4f0b-9d97-a1150e50f02d,MPX_1788182,Tanoshi japon nouilles japonaises saveur poulet teriyaki 65g,1.89,29.08,"['Produits du monde', 'Asie 亚洲', 'Nouilles et Vermicelles']",Tanoshi,True,False,false,1.0,MONTH,65g,[],https://courses.monoprix.fr/images-v3/0c44253f-c4a3-4340-9d37-d41e42b9d14a/eb99439b-5bed-4d58-ba99-f0031e2e051c/300x300.jpg
Promotions,618fffdb-4df0-4903-8914-80dc91dd709d,MPX_3330711,Lunor Carottes lamelles 280g,2.49,8.89,"['Fruits & Légumes', 'Prêts à consommer', 'Crudités']",Fraîchement Cuit ,True,False,false,3.0,WEEK,280g,"['Produit végétarien', 'Produit vegan']",https://courses.monoprix.fr/images-v3/0c44253f-c4a3-4340-9d37-d41e42b9d14a/7f3fb6db-2229-42da-9c4e-65b5bfd68053/300x300.jpg
Promotions,be45b282-8a36-41ea-859d-fc22f9113cbc,MPX_6708517,"Mir Refresh Lessive Liquide Raviveur De Couleurs 27 Lavages 1,35 L",8.99,6.66,"['Entretien & Nettoyage', 'Lessive et soin du linge', 'Lessive', 'Lessive liquide']",Mir refresh,True,False,false,,,1.35L,[],https://courses.monoprix.fr/images-v3/0c44253f-c4a3-4340-9d37-d41e42b9d14a/839aa432-65ed-42af-aedc-dec656a09383/300x300.jpg
Promotions,52e79a2d-b359-4d86-8e1c-4dacf85f639b,MPX_1641197,Bonne Maman Petits muffins vanille 235 g,3.19,13.57,"['Promotions', 'Les promos à ne pas manquer', 'Le 2ème à moins 50%']",BONNE MAMAN,True,False,false,1.0,MONTH,235g,['Produit végétarien'],https://courses.monoprix.fr/images-v3/0c44253f-c4a3-4340-9d37-d41e42b9d14a/67a5f63b-29f0-48ff-801d-313bc87c1797/300x300.jpg
Promotions,d3eca759-c8ee-4561-bc08-f6dec0ca5600,MPX_893394,Côte d'Or Tablette Chocolat Noir fourré Praliné 200g,3.75,18.75,"['Promotions', 'Les promos à ne pas manquer', 'Le 2ème à moins 50%']",COTE D'OR,True,False,false,2.0,MONTH,200g,[],https://courses.monoprix.fr/images-v3/0c44253f-c4a3-4340-9d37-d41e42b9d14a/e1904c87-3f53-44c9-afc2-3181e1bab676/300x300.jpg
Promotions,a85e83a0-1d61-46eb-992e-8b452ad29f1e,MPX_1684837,Lutti Bonbons Scoubidou Aux Goûts Fruités 200g,2.49,12.45,"['Nos sélections', 'Boutique Enfants', 'Pour le goûter de vos enfants', 'Bonbon et Confiserie']",Lutti,True,False,false,6.0,MONTH,200g,[],https://courses.monoprix.fr/images-v3/0c44253f-c4a3-4340-9d37-d41e42b9d14a/bd2201a8-f389-4f08-9707-12fa0be42dd8/300x300.jpg
Promotions,1d515d4b-61b0-4ef0-b7dd-98f1e6334f52,MPX_6699253,Pampers Harmonie Couches Culottes T6 x24,20.9,0.87,"['Bébé', 'Couches, Culottes et Couches-culottes', 'Culottes et Couches-culottes', 'Couche-culottes et Culottes']",Pampers,True,False,false,,,24 par pack,[],https://courses.monoprix.fr/images-v3/0c44253f-c4a3-4340-9d37-d41e42b9d14a/adbd3807-d8e8-42eb-8363-3a101fadca3d/300x300.jpg
Promotions,1634480b-f2ac-46d8-b1df-c1ccb2ed6f93,MPX_3045557,Côte d'Or Tablette Chocolat Noir 70% Bio 90g,2.99,33.22,"['Promotions', 'Les promos à ne pas manquer', 'Le 2ème à moins 50%']",COTE D'OR,True,False,false,6.0,MONTH,90g,['Produit bio'],https://courses.monoprix.fr/images-v3/0c44253f-c4a3-4340-9d37-d41e42b9d14a/4118eb79-b09d-4711-b404-6cb5b4031efd/300x300.jpg
Promotions,0e8de1c7-4829-43b2-8544-60027717c3e9,MPX_570339,Isigny Saint Mère Crème Vanille Madagascar 250g,3.25,13.0,"['Nos régions de France', 'Normandie', 'Les marques de la région']",Isigny/ste mere,True,False,false,1.0,MONTH,250g,[],https://courses.monoprix.fr/images-v3/0c44253f-c4a3-4340-9d37-d41e42b9d14a/c338e48e-0159-4f85-98ea-2d41f5ef2897/300x300.jpg
Promotions,8c992b55-4159-4b9d-975d-8d9483e7c15b,MPX_1921121,"Purina One Croquettes Chat Stérilisé Au Boeuf Et Blé 1,5Kg",9.95,6.63,"['Animaux', 'Chat', 'Croquettes', 'Stérilisés']",Purina one,True,False,false,6.0,MONTH,1.5kg,[],https://courses.monoprix.fr/images-v3/0c44253f-c4a3-4340-9d37-d41e42b9d14a/eb542b20-e7b1-4910-898f-12c4afa4c8e7/300x300.jpg
Promotions,d8f0dc8d-f23f-4771-b518-79164786050f,MPX_4218454,Swiffer llingette lingettes humides antibactériennes citron x10,5.65,0.57,"['Entretien & Nettoyage', 'Produits Nettoyants et Multi Usages', 'Multi usages', 'Lingette']",Swiffer,True,False,false,,,10 par pack,[],https://courses.monoprix.fr/images-v3/0c44253f-c4a3-4340-9d37-d41e42b9d14a/c20ed845-eeaa-4005-93f6-9a128f23a02b/300x300.jpg
Promotions,1bd9d3f9-b617-45bc-9a4b-5374ba20ef4f,MPX_3176172,Liebig Mouliné de légumes Bio 2x30cl,3.49,5.82,"['Bio', 'Epicerie salée bio', 'Soupe bio']",Liebig,True,False,false,2.0,MONTH,600ml,['Produit bio'],https://courses.monoprix.fr/images-v3/0c44253f-c4a3-4340-9d37-d41e42b9d14a/8b8642c3-aae9-4088-8305-2c1bebbb1922/300x300.jpg
Promotions,28ced407-0ab4-42d2-8b9e-fd1eddfa83b2,MPX_6644882,Vache Qui Rit 24 Portions 384g,4.29,11.17,"['Produits Laitiers, Œufs et Fromages', 'Fromages à cuisiner, raclettes et apéritifs', 'Fromages à tartiner']",La Vache qui rit,True,False,false,1.0,MONTH,384g,[],https://courses.monoprix.fr/images-v3/0c44253f-c4a3-4340-9d37-d41e42b9d14a/7204f38f-0eb6-4f3a-b575-938fca70651a/300x300.jpg
Promotions,849a8485-7a6d-4349-bfe9-f9274e4ca50f,MPX_3636755,Bonduelle Poêlée Méditerranéenne 750G,4.99,6.65,"['Promotions', 'Les promos à ne pas manquer', 'Le 2ème à moins 50%']",Bonduelle,True,False,false,2.0,MONTH,750g,"['Produit congelé', 'Produit vegan']",https://courses.monoprix.fr/images-v3/0c44253f-c4a3-4340-9d37-d41e42b9d14a/e2b1273f-487b-4f79-948d-435942e3e5c1/300x300.jpg
Promotions,91904910-7056-49af-8f87-8659e82059d9,MPX_6613113,Tipiak Croûtons de Pain Croustillants Ail 75g,2.09,27.87,"['Promotions', 'Les promos à ne pas manquer', 'Promo 30% de remise immédiate']",Tipiak,True,False,false,6.0,MONTH,75g,[],https://courses.monoprix.fr/images-v3/0c44253f-c4a3-4340-9d37-d41e42b9d14a/4b715717-b185-46de-b5b2-80a3284e3dc5/300x300.jpg
Promotions,db82cd13-0910-4329-8126-4eed85c18079,MPX_1952072,Tanoshi Japon Nouilles Japonaises Saveur Bœuf Teppanyaki 65g,1.79,27.54,"['Produits du monde', 'Asie 亚洲', 'Nouilles et Vermicelles']",Tanoshi,True,False,false,1.0,MONTH,65g,[],https://courses.monoprix.fr/images-v3/0c44253f-c4a3-4340-9d37-d41e42b9d14a/1c4ed55f-64c0-4ebf-8fc9-01b16cb6b327/300x300.jpg
Promotions,2463bf48-71de-4a33-bdd0-8518ea3bc2da,MPX_3823384,Hipro Yaourt citron protéiné 0%MG 2x160g,2.99,9.34,"['Produits Laitiers, Œufs et Fromages', 'Yaourts', 'Yaourts aromatisés et aux fruits']",Danone,True,False,false,1.0,WEEK,320g,[],https://courses.monoprix.fr/images-v3/0c44253f-c4a3-4340-9d37-d41e42b9d14a/e9b88354-9986-486f-8439-e9f8a80ec978/300x300.jpg
Promotions,6aa8305d-77ad-487e-9372-0c3def400c45,MPX_2379696,Bonne Maman 10 Petits cakes fruits 300g,4.79,15.97,"['Promotions', 'Les promos à ne pas manquer', 'Le 2ème à moins 50%']",Bonne Maman,True,False,false,1.0,MONTH,300g,[],https://courses.monoprix.fr/images-v3/0c44253f-c4a3-4340-9d37-d41e42b9d14a/96b0b8f1-1822-4103-9071-0779022737cc/300x300.jpg
Régimes alimentaires,a4a22b9c-a6b8-4449-a2d6-2418373590f4,MPX_3858545,Hipro Yaourt Vanille 15g Protéines 2x160g,2.99,9.34,"['Produits Laitiers, Œufs et Fromages', 'Yaourts', 'Yaourts aromatisés et aux fruits']",Hipro,True,False,false,1.0,WEEK,320g,[],https://courses.monoprix.fr/images-v3/0c44253f-c4a3-4340-9d37-d41e42b9d14a/125d8b18-6e8f-4454-a8b8-0e251dfa0810/300x300.jpg
Régimes alimentaires,ef1c20a4-b653-4f0e-8a95-d175b26de583,MPX_3823385,Hipro Yaourt Myrtille 15g Protéines 2x160g,2.99,9.34,"['Produits Laitiers, Œufs et Fromages', 'Yaourts', 'Yaourts aromatisés et aux fruits']",Hipro,True,False,false,1.0,WEEK,320g,[],https://courses.monoprix.fr/images-v3/0c44253f-c4a3-4340-9d37-d41e42b9d14a/eb9b9e73-2fe1-44c6-bc43-6c3be42d7baf/300x300.jpg
Régimes alimentaires,84dc7d77-6563-411b-a20c-6a653823dacf,MPX_2428276,Poco Loco 6 Wraps Original 370g,2.35,6.35,"['Produits du monde', 'Mexique - México', 'Tortilla et Wrap']",Poco Loco,True,False,false,1.0,MONTH,370g,"['Produit végétarien', 'Produit vegan']",https://courses.monoprix.fr/images-v3/0c44253f-c4a3-4340-9d37-d41e42b9d14a/dc655988-693a-4f9b-8201-a77ffe585f62/300x300.jpg
Régimes alimentaires,08d02164-ad1d-49fd-a60a-8ca2113044ed,MPX_2414173,Barilla pâtes penne rigate sans gluten 400g,2.65,6.63,"['Epicerie Salée', 'Pâte, Riz, Céréale et Purée', 'Pâtes', 'Pâtes courtes']",Barilla,True,False,false,6.0,MONTH,400g,['Produit végétarien'],https://courses.monoprix.fr/images-v3/0c44253f-c4a3-4340-9d37-d41e42b9d14a/319756f8-c2c8-4a52-840b-37409cbd92e4/300x300.jpg
Régimes alimentaires,aeec7999-2b33-4096-95a5-f345cf4521ec,MPX_3563217,Hipro Yaourt À Boire Fraise Framboise 25% Protéines 300g,2.95,9.83,"['Nos sélections', 'Inspiration du moment', '& Kit du sportif', 'Dessert lacté protéiné']",Hipro,True,False,false,1.0,WEEK,300g,[],https://courses.monoprix.fr/images-v3/0c44253f-c4a3-4340-9d37-d41e42b9d14a/fab9d5ce-688c-42a9-a8f0-bb84cb6d9c15/300x300.jpg
Régimes alimentaires,9e5f66b5-9e21-4ee7-9d74-2d21c956cad3,MPX_2414170,Barilla pates spaghetti sans gluten 400g,2.65,6.63,"['Epicerie Salée', 'Pâte, Riz, Céréale et Purée', 'Pâtes', 'Pâtes longues']",Barilla,True,False,false,6.0,MONTH,400g,[],https://courses.monoprix.fr/images-v3/0c44253f-c4a3-4340-9d37-d41e42b9d14a/0d05590f-6a23-40da-bf10-4c9860ed324d/300x300.jpg
Régimes alimentaires,2463bf48-71de-4a33-bdd0-8518ea3bc2da,MPX_3823384,Hipro Yaourt citron protéiné 0%MG 2x160g,2.99,9.34,"['Produits Laitiers, Œufs et Fromages', 'Yaourts', 'Yaourts aromatisés et aux fruits']",Danone,True,False,false,1.0,WEEK,320g,[],https://courses.monoprix.fr/images-v3/0c44253f-c4a3-4340-9d37-d41e42b9d14a/e9b88354-9986-486f-8439-e9f8a80ec978/300x300.jpg
Régimes alimentaires,ace3a8a5-02f3-459c-81e0-05032a235a65,MPX_3823386,Hipro Yaourt à boire chocolat protéiné 0%MG 1x345g,3.39,9.83,"['Nos sélections', 'Inspiration du moment', '& Kit du sportif', 'Dessert lacté protéiné']",Danone,True,False,false,1.0,WEEK,345g,[],https://courses.monoprix.fr/images-v3/0c44253f-c4a3-4340-9d37-d41e42b9d14a/369d410c-424b-402b-adca-5689df8befac/300x300.jpg
Régimes alimentaires,98e096ae-96c3-416c-8dd0-68848c32ce26,MPX_4110127,Hipro Yaourt coco protéiné 0%mg 2x160g,2.99,9.34,"['Produits Laitiers, Œufs et Fromages', 'Yaourts', 'Yaourts aromatisés et aux fruits']",Danone,True,False,false,1.0,WEEK,320g,[],https://courses.monoprix.fr/images-v3/0c44253f-c4a3-4340-9d37-d41e42b9d14a/1f9a8645-d290-4591-85ac-ad0ec813b517/300x300.jpg
Régimes alimentaires,32064979-da8d-492d-a62c-db61897d8a60,MPX_3500086,La Coop Coco dessert Végétal Lait de Coco 350g,2.99,8.54,"['Produits Laitiers, Œufs et Fromages', 'Yaourts', 'Yaourts natures']",The Coconut Collab,True,False,false,1.0,WEEK,350g,[],https://courses.monoprix.fr/images-v3/0c44253f-c4a3-4340-9d37-d41e42b9d14a/eafebd0d-db50-4099-ba77-823b659c3313/300x300.jpg
Régimes alimentaires,bb26770f-e033-4862-a4ad-2a67a8ce0074,MPX_3563218,Hipro Yaourt À Boire Vanille Cookie 25g Protéines 300g,2.95,9.83,"['Nos sélections', 'Inspiration du moment', '& Kit du supporter', 'DESSERT A BOIRE']",Hipro,True,False,false,1.0,WEEK,300g,[],https://courses.monoprix.fr/images-v3/0c44253f-c4a3-4340-9d37-d41e42b9d14a/e81a9c9a-8b77-46b5-9c1c-df92fcd31ac4/300x300.jpg
Régimes alimentaires,efe5e955-bd68-4e7d-a2d9-9ffb0162df66,MPX_1123048,Ginko Edulcorant Liquide - Sans Aspartame - Sans Gluten 200Ml,9.49,47.45,"['Régimes alimentaires', 'Vegan', 'Epicerie sucrée vegan']",GINKO,True,False,false,6.0,MONTH,200ml,"['Produit végétarien', 'Produit vegan']",https://courses.monoprix.fr/images-v3/0c44253f-c4a3-4340-9d37-d41e42b9d14a/a3bfdbcd-5344-4568-bb87-a651abf834d7/300x300.jpg
Régimes alimentaires,83c2df0a-8d22-44b2-ac81-68261ff2688f,MPX_3823387,Hipro Yaourt à boire vanille protéiné 0%MG 1x345g,3.39,9.83,"['Nos sélections', 'Inspiration du moment', '& Kit du sportif', 'Dessert lacté protéiné']",Danone,True,False,false,1.0,WEEK,345g,[],https://courses.monoprix.fr/images-v3/0c44253f-c4a3-4340-9d37-d41e42b9d14a/4c754304-6927-447d-8a7a-a377cbc02fd8/300x300.jpg
Régimes alimentaires,c3a561b1-6896-4c84-9851-e9f2d028fb5c,MPX_6661343,Hipro Yaourt Banane protéines 202g,3.35,16.58,"['Nos sélections', 'Inspiration du moment', '& Kit du sportif', 'Dessert lacté protéiné']",Hipro,True,False,false,1.0,WEEK,202g,[],https://courses.monoprix.fr/images-v3/0c44253f-c4a3-4340-9d37-d41e42b9d14a/d14afdfd-0853-4b82-8243-334e176571d5/300x300.jpg
Régimes alimentaires,177f7f91-3e67-49bc-bace-2c1396d885c4,MPX_6672128,Beautiful Immunity Kefir Bien-être Digestif Fruits Rouges 500ml,3.09,6.18,"['Régimes alimentaires', 'Compléments alimentaires', 'Bien-être']",Beautiful  immunity,True,False,false,1.0,WEEK,500ml,[],https://courses.monoprix.fr/images-v3/0c44253f-c4a3-4340-9d37-d41e42b9d14a/6528544a-347f-43a1-b921-8de38b3cb621/300x300.jpg
Régimes alimentaires,5fafe660-0e52-40fa-acc1-42dc64311b39,MPX_4124508,Tartare Végétal Fromage À Tartiner Ail Et Fines Herbes 140g,2.85,20.36,"['Promotions', 'Promo Exclusivités Web', 'Fromage Tartare, 50% sur le 2ème']",Tartare,True,False,false,1.0,WEEK,140g,['Produit vegan'],https://courses.monoprix.fr/images-v3/0c44253f-c4a3-4340-9d37-d41e42b9d14a/fe64d839-f23b-4400-8d8d-f2487fa39e14/300x300.jpg
Régimes alimentaires,c72da5cf-fde8-4dcb-bdfb-c8a4464d17df,MPX_3058648,Bjorg Petit Fourré Goût Cacao Sans Gluten Bio 180G,5.15,28.61,"['Promotions', 'Les promos à ne pas manquer', 'Le 2ème à moins 50%']",Bjorg,True,False,false,1.0,MONTH,180g,['Produit bio'],https://courses.monoprix.fr/images-v3/0c44253f-c4a3-4340-9d37-d41e42b9d14a/a65a2ff4-a6e2-4d9d-aab9-d4b7b7956ae5/300x300.jpg
Régimes alimentaires,8e2091d5-6715-4f51-a754-1ff6241116ec,MPX_6623828,Andros Sport Pate de Fruits Abricot et Banane & Fruits rouges x6,3.79,21.06,"['Nos sélections', 'Inspiration du moment', '& Kit du sportif', 'Encas pour sportif']",ANDROS SPORT,True,False,false,2.0,MONTH,180g,[],https://courses.monoprix.fr/images-v3/0c44253f-c4a3-4340-9d37-d41e42b9d14a/c1abf4a7-2522-461a-a35a-069646d76e91/300x300.jpg
Régimes alimentaires,d1dc4ff2-50a1-453b-ba4a-b17130ea828c,MPX_3659601,Oatly Ab Lait D'Avoine 1 L,3.09,3.09,"['Régimes alimentaires', 'Végétal', 'Boisson végétale']",Oatly ab,True,False,false,2.0,MONTH,1L,[],https://courses.monoprix.fr/images-v3/0c44253f-c4a3-4340-9d37-d41e42b9d14a/21aaf276-44f7-494e-b45a-4c9f695c6fb7/300x300.jpg
Régimes alimentaires,f24666f2-c9a0-489d-92ec-57348e5424c1,MPX_2368550,Bjorg Lait d'amande sans sucres bio 1L,2.69,2.69,"['Bio', 'Boisson et Cave bio', 'Boisson végétale bio']",Bjorg,True,False,false,1.0,MONTH,1L,['Produit bio'],https://courses.monoprix.fr/images-v3/0c44253f-c4a3-4340-9d37-d41e42b9d14a/eeb3e0a3-2daa-4a18-bd1b-4746f0f6672c/300x300.jpg
Régimes alimentaires,fcdaa967-51d3-454f-9dac-a35de2f925ed,MPX_798168,Bjorg Boisson soja nature sans sucres Bio 1L,1.95,1.95,"['Bio', 'Boisson et Cave bio', 'Boisson végétale bio']",Bjorg,True,False,false,1.0,MONTH,1L,['Produit bio'],https://courses.monoprix.fr/images-v3/0c44253f-c4a3-4340-9d37-d41e42b9d14a/7f76a102-c870-422a-a42b-2d3de8d81c75/300x300.jpg
Régimes alimentaires,1bc72e67-d63f-4455-86b2-9ed465a9034a,MPX_2725167,Bjorg Boisson Avoine Bio 1L,2.95,2.95,"['Bio', 'Boisson et Cave bio', 'Boisson végétale bio']",Bjorg,True,False,false,1.0,MONTH,1L,['Produit bio'],https://courses.monoprix.fr/images-v3/0c44253f-c4a3-4340-9d37-d41e42b9d14a/f477fd1d-428b-4104-895b-4efc8d3d5565/300x300.jpg
Régimes alimentaires,0bb32f78-063b-4153-a0d3-dda0573d349e,MPX_897489,Seeberger Amandes Décortiquées 200G,5.95,29.75,"['Epicerie Salée', 'Produit apéritif', 'Cacahuète, Noix, Amande et Pistache', 'Amande et Pistache']",Seeberger,True,False,false,2.0,MONTH,200g,[],https://courses.monoprix.fr/images-v3/0c44253f-c4a3-4340-9d37-d41e42b9d14a/c7bfd82f-33b1-4b1c-9bbe-a2987c7e0d72/300x300.jpg
Régimes alimentaires,83c6db15-e7f0-451f-882d-19c947b2a962,MPX_11743,Gerblé Biscuit lait chocolat au germe de blé 230g,2.15,9.35,"['Epicerie Sucrée', 'Biscuit Sec', 'Biscuit allégé']",Gerblé,True,False,false,2.0,MONTH,230g,[],https://courses.monoprix.fr/images-v3/0c44253f-c4a3-4340-9d37-d41e42b9d14a/4699a930-fe6c-45eb-aa3d-0e4b3f9192ae/300x300.jpg
Régimes alimentaires,efca59ad-1aed-49a6-bb24-46fd55194860,MPX_3834843,Happyvore Nugget végétal 210g,4.59,21.86,"['Boucherie et Volaille', 'Protéines végétales']",Happyvore,True,False,false,1.0,WEEK,210g,['Produit vegan'],https://courses.monoprix.fr/images-v3/0c44253f-c4a3-4340-9d37-d41e42b9d14a/62453d9c-f45a-4504-b29b-f32d365dc0f0/300x300.jpg
Régimes alimentaires,daf6321a-0bce-449c-8ca3-3dcbca7dbfa1,MPX_2496187,Céréal Bio Quinoa Au Naturel 1 Portion 220g,3.15,14.32,"['Epicerie Salée', 'Pâte, Riz, Céréale et Purée', 'Pâte, Riz, Purée et Légume sec bio']",Céréal bio,True,False,false,2.0,MONTH,220g,['Produit bio'],https://courses.monoprix.fr/images-v3/0c44253f-c4a3-4340-9d37-d41e42b9d14a/b978a054-ffc9-40ac-82dd-0aa9439fd222/300x300.jpg
Régimes alimentaires,f3c2cea6-03ef-4698-a1a7-3d39548c664a,MPX_6621160,Oatly Barista Lait D'Avoine 500ml,1.89,3.78,"['Régimes alimentaires', 'Végétal', 'Boisson végétale']",Oatly,True,False,false,2.0,MONTH,500ml,[],https://courses.monoprix.fr/images-v3/0c44253f-c4a3-4340-9d37-d41e42b9d14a/dbde02d5-33c6-469c-a14e-702c1c1978ab/300x300.jpg
Régimes alimentaires,db76e309-5424-41d1-a375-2eea1a1cd868,MPX_3659600,Oatly Lait D'Avoine 1 L,2.89,2.89,"['Régimes alimentaires', 'Végétal', 'Boisson végétale']",Oatly,True,False,false,2.0,MONTH,1L,[],https://courses.monoprix.fr/images-v3/0c44253f-c4a3-4340-9d37-d41e42b9d14a/4c052104-a973-4697-8f19-d600fd7d77a7/300x300.jpg
Régimes alimentaires,471be194-a9f5-42a9-ba81-5463da79df58,MPX_875654,Seeberger Cerneaux De Noix 150G,6.95,46.33,"['Epicerie Sucrée', 'Céréale et Barre', 'Fruits Secs et Graines', 'Amandes, Noix et Autres Fruits à Coques']",Seeberger,True,False,false,2.0,MONTH,150g,[],https://courses.monoprix.fr/images-v3/0c44253f-c4a3-4340-9d37-d41e42b9d14a/52f71d68-5477-4338-aee3-70ed122f260e/300x300.jpg
Régimes alimentaires,78fa38e5-ca38-43b5-9cb7-52c6c321a2fc,MPX_11742,Gerblé Biscuits au sésame sans huile de palme 230g,2.15,9.35,"['Epicerie Sucrée', 'Biscuit Sec', 'Biscuit allégé']",Gerblé,True,False,false,2.0,MONTH,230g,[],https://courses.monoprix.fr/images-v3/0c44253f-c4a3-4340-9d37-d41e42b9d14a/8007781d-dd60-40b9-9fb9-1abaa626d6b2/300x300.jpg
Régimes alimentaires,0069ed31-41b1-4123-9c3a-1893731a056d,MPX_3194614,Andros Yaourt Végétal Au Lait De Coco 400g,2.89,7.23,"['Produits Laitiers, Œufs et Fromages', 'Yaourts', 'Yaourts natures']",Andros,True,False,false,1.0,WEEK,4 x 100g,['Produit vegan'],https://courses.monoprix.fr/images-v3/0c44253f-c4a3-4340-9d37-d41e42b9d14a/1ed1d906-98a8-4878-9adb-3e712d9412b3/300x300.jpg
Régimes alimentaires,5a219be7-4cad-4cef-b6f0-152d876f7af9,MPX_2653581,Rummo Fusilli N°48 Sans Gluten 400g,3.29,8.23,"['Produits du monde', 'Italie - Italia', 'Pâtes, Riz et Risotto']",Rummo,True,False,false,6.0,MONTH,400g,[],https://courses.monoprix.fr/images-v3/0c44253f-c4a3-4340-9d37-d41e42b9d14a/1315434e-bfcb-45ff-ba96-8bdfa8f75db6/300x300.jpg
Régimes alimentaires,957a5cc7-828d-4ff8-aaac-330d68aaf5d7,MPX_2876038,Suzi Wan Lait de Coco 200ml,1.99,9.95,"['Produits du monde', 'Asie 亚洲', 'Lait et Crème de coco']",Suziwan,True,False,false,2.0,MONTH,200ml,[],https://courses.monoprix.fr/images-v3/0c44253f-c4a3-4340-9d37-d41e42b9d14a/29204285-aa22-4fe8-9641-1883c82b9855/300x300.jpg
Régimes alimentaires,609619be-9fb0-4605-a71e-d5b0c0492cba,MPX_2975470,Alpro Boisson Végétale Lait D'amande Grillée Sans Sucres 1l,2.99,2.99,"['Régimes alimentaires', 'Végétal', 'Boisson végétale']",Alpro,True,False,false,2.0,MONTH,1L,[],https://courses.monoprix.fr/images-v3/0c44253f-c4a3-4340-9d37-d41e42b9d14a/eababcf2-6f87-4c3b-9573-93726f620a76/300x300.jpg
Régimes alimentaires,6134a259-6bd9-49b6-81fb-383a71890d8f,MPX_1680618,Sojasun Spécialité Au Soja Framboise Passion 4x100g,1.99,4.98,"['Régimes alimentaires', 'Vegan', 'Dessert vegan']",Sojasun,True,False,false,1.0,WEEK,4 x 100g,[],https://courses.monoprix.fr/images-v3/0c44253f-c4a3-4340-9d37-d41e42b9d14a/6d800ac4-8a95-4ff3-8208-d8d53ab6a3ac/300x300.jpg
Régimes alimentaires,51b14ccd-05c5-4f7e-8d33-27e1cd24504d,MPX_3305890,Alpro Dessert Végétal Vanille Soja 500g,2.39,4.78,"['Régimes alimentaires', 'Vegan', 'Dessert vegan']",Alpro,True,False,false,1.0,WEEK,500g,[],https://courses.monoprix.fr/images-v3/0c44253f-c4a3-4340-9d37-d41e42b9d14a/12d15249-6c57-458f-9d08-bf63aa2d21b3/300x300.jpg
Régimes alimentaires,6bf14d9d-6cb9-4df5-a7da-b1adcbd6e8b0,MPX_12982,Bjorg Lait Soja Doucieur Bio 1L,1.95,1.95,"['Bio', 'Boisson et Cave bio', 'Boisson végétale bio']",Bjorg,True,False,false,1.0,MONTH,1L,[],https://courses.monoprix.fr/images-v3/0c44253f-c4a3-4340-9d37-d41e42b9d14a/f8fb27f8-1dfc-4aca-8150-94c8dfae69f7/300x300.jpg
Régimes alimentaires,7fa167ad-8f87-4883-a76e-804f9b62396a,MPX_1037124,Seeberger Noix De Cajou Naturelle 200G,5.99,29.95,"['Epicerie Sucrée', 'Céréale et Barre', 'Fruits Secs et Graines', 'Amandes, Noix et Autres Fruits à Coques']",Seeberger,True,False,false,2.0,MONTH,200g,[],https://courses.monoprix.fr/images-v3/0c44253f-c4a3-4340-9d37-d41e42b9d14a/039b2004-f0e8-46b8-a407-609769eeadfa/300x300.jpg
Régimes alimentaires,44c196f4-ccd0-4b33-a3b2-32a36e8aa6af,MPX_3778643,Alpro Dessert Végétal Soja Skyr Nature Sans Sucres 500g,3.29,8.23,"['Produits Laitiers, Œufs et Fromages', 'Yaourts', 'Skyr']",Alpro,True,False,false,1.0,WEEK,400g,[],https://courses.monoprix.fr/images-v3/0c44253f-c4a3-4340-9d37-d41e42b9d14a/c530187f-2737-4141-bf06-89da0753e875/300x300.jpg
Régimes alimentaires,97490ec2-5adf-4fa7-8b14-b87b5f7358a5,MPX_3173066,Bjorg Galettes Riz Complet Bio Sans Gluten 130g,1.75,13.46,"['Bio', 'Epicerie sucrée bio', 'Pain et Galette de riz bio', 'Galette de riz bio']",Bjorg,True,False,false,1.0,MONTH,130g,['Produit bio'],https://courses.monoprix.fr/images-v3/0c44253f-c4a3-4340-9d37-d41e42b9d14a/f6376eab-aa62-436b-a9ae-72b00cdea559/300x300.jpg
Régimes alimentaires,43dcd42c-4e6b-4bd9-a4ce-6bc3c11a6b5f,MPX_2061730,Toogood Snack poppé Barbecue 85g,2.65,31.18,"['Régimes alimentaires', 'Végétal', 'Apéritif végétal']",Toogood,True,False,false,1.0,MONTH,85g,[],https://courses.monoprix.fr/images-v3/0c44253f-c4a3-4340-9d37-d41e42b9d14a/8317c091-4a88-4d80-97e2-211a35fc1fb4/300x300.jpg
Régimes alimentaires,dff11fd5-8d2f-419d-a059-bf68f18e7711,MPX_3636851,Andros &végétal brassé nature 400g,2.69,6.73,"['Produits Laitiers, Œufs et Fromages', 'Yaourts', 'Yaourts natures']",ANDROS GOURMAND ET VEGETAL,True,False,false,2.0,WEEK,400g,['Produit vegan'],https://courses.monoprix.fr/images-v3/0c44253f-c4a3-4340-9d37-d41e42b9d14a/e516d1cc-369c-41e1-8e02-6a5f9b838c9f/300x300.jpg
Régimes alimentaires,e39c6901-765c-406d-9017-fab14b01219c,MPX_1247438,Monoprix Biscottes Très Pauvres En Sel 300G,1.75,5.83,"['Mes marques Monoprix', 'Monoprix', 'Epicerie sucrée', 'Pain et Viennoiserie']",Monoprix,True,False,false,2.0,MONTH,300g,[],https://courses.monoprix.fr/images-v3/0c44253f-c4a3-4340-9d37-d41e42b9d14a/8b356cbf-cd5a-4fd9-a7e3-897a1e2d5411/300x300.jpg
Régimes alimentaires,04808811-50ed-4524-a670-fbbf41807b2e,MPX_3821512,Bjorg Boisson Amande Sans Sucres Bio 3 x 25cl,3.59,4.77,"['Bio', 'Boisson et Cave bio', 'Boisson végétale bio']",Bjorg,True,False,false,1.0,MONTH,753ml,"['Produit végétarien', 'Produit bio']",https://courses.monoprix.fr/images-v3/0c44253f-c4a3-4340-9d37-d41e42b9d14a/6a6873e0-32b0-4197-a007-f7a1fd0da83f/300x300.jpg
Régimes alimentaires,80ac188c-cc51-4934-9dce-2c5bddc8303b,MPX_6619905,Accro à Cuisiner Émincés 100% végétal frais 160g,3.89,24.31,"['Régimes alimentaires', 'Végétal', 'Protéine végétale']",ACCRO,True,False,false,1.0,WEEK,160g,['Produit vegan'],https://courses.monoprix.fr/images-v3/0c44253f-c4a3-4340-9d37-d41e42b9d14a/a649990d-6c73-47e4-bdf2-aa93b8bb695f/300x300.jpg
Régimes alimentaires,2f71c071-1b38-4020-b97f-a9525cb0bbef,MPX_4615679,Planted effiloché végétal barbecue 160g,3.99,24.94,"['Charcuterie et Traiteur', 'Traiteur végétal', 'Traiteur végétal']",Planted,True,False,false,1.0,WEEK,160g,[],https://courses.monoprix.fr/images-v3/0c44253f-c4a3-4340-9d37-d41e42b9d14a/2d013618-f0ac-4491-9a20-5bca38fa154a/300x300.jpg
Régimes alimentaires,4558543b-a7a3-4e6e-a7b1-0cb5e624761d,MPX_2076549,Bjorg Soja cuisine fluide Bio 3x20cl,3.59,5.98,"['Régimes alimentaires', 'Végétal', 'Aide culinaire végétale']",Bjorg,True,False,false,2.0,MONTH,600ml,['Produit bio'],https://courses.monoprix.fr/images-v3/0c44253f-c4a3-4340-9d37-d41e42b9d14a/0e08fdc5-d071-4d27-9acb-0455c010db4e/300x300.jpg
Régimes alimentaires,3c9ab961-44b2-41a4-b0f6-7228feaceb26,MPX_2739410,Bjorg Soja cuisine semi epais bio 25cl,1.79,7.16,"['Epicerie Salée', 'Assaisonnement et Condiment', 'Vinaigre, Vinaigrette et Sauce salade', 'Sauce soja, nems et nuoc mam']",Bjorg,True,False,false,2.0,MONTH,250ml,['Produit bio'],https://courses.monoprix.fr/images-v3/0c44253f-c4a3-4340-9d37-d41e42b9d14a/b239b8b8-34b9-4f7f-af2d-4deca7a63ebc/300x300.jpg
Régimes alimentaires,3352402b-9e29-432b-b9a0-8ca0dbd5a096,MPX_22764,Bjorg Boisson Soja Chocolat Mini Bio 3X25Cl,3.49,4.65,"['Bio', 'Boisson et Cave bio', 'Boisson végétale bio']",Bjorg,True,False,false,1.0,MONTH,3 x 25cl,['Produit bio'],https://courses.monoprix.fr/images-v3/0c44253f-c4a3-4340-9d37-d41e42b9d14a/fdae2d5d-c931-4212-a9f5-0887babe76d8/300x300.jpg
Régimes alimentaires,85e25e9d-4403-4f9d-8836-75c311e30efb,MPX_3526133,Fleury Michon Chorizo de Dinde Halal 100g,3.45,34.5,"['Charcuterie et Traiteur', 'Charcuterie', 'Charcuterie de volaille', 'Blanc de volaille']",Fleury Michon,True,False,false,4.0,WEEK,100g,['Produit halal'],https://courses.monoprix.fr/images-v3/0c44253f-c4a3-4340-9d37-d41e42b9d14a/786b47da-72df-4a49-b0dd-0bcd694ee0da/300x300.jpg
Régimes alimentaires,5daa3e0b-f107-4e8c-85de-09b4a8cdc661,MPX_2495934,Gerblé Pain campagnard à la farine de sarrasin 350g,6.39,18.26,"['Nos sélections', 'Inspiration du moment', '& Sélection petit déjeuner', 'Pain, Viennoiserie et Céréales']",Gerblé,True,False,false,2.0,MONTH,350g,[],https://courses.monoprix.fr/images-v3/0c44253f-c4a3-4340-9d37-d41e42b9d14a/2492275e-74ae-4235-aecb-48e95918e19f/300x300.jpg
Régimes alimentaires,c38f668b-5041-465c-be41-4529a54ecc90,MPX_3182077,Monoprix Bio Graines De Sésame 200G,3.49,17.45,"['Epicerie Sucrée', 'Céréale et Barre', 'Céréale et Barre bio']",Monoprix Bio,True,False,false,2.0,MONTH,200g,['Produit bio'],https://courses.monoprix.fr/images-v3/0c44253f-c4a3-4340-9d37-d41e42b9d14a/597eb265-35c5-44c8-8efc-97bcf17084a1/300x300.jpg
Régimes alimentaires,fc217acf-61b5-457a-958b-0fd336299445,MPX_3182068,Monoprix Bio Graines De Chia 200G,6.09,30.45,"['Epicerie Sucrée', 'Céréale et Barre', 'Céréale et Barre bio']",Monoprix Bio,True,False,false,2.0,MONTH,200g,['Produit bio'],https://courses.monoprix.fr/images-v3/0c44253f-c4a3-4340-9d37-d41e42b9d14a/f6377fb1-58d6-4ce9-9501-28861b232c70/300x300.jpg
Régimes alimentaires,de1f0b4d-41d3-45bb-9342-340c25bc480c,MPX_6720046,Lindahls Pro+ Boisson Lactée Proteine Saveur Chocolat 500ml,2.79,5.58,"['Régimes alimentaires', 'Nutrition et Minceur', 'Protéines et Encas pour sportifs']",Lindahls,True,False,false,4.0,WEEK,500ml,[],https://courses.monoprix.fr/images-v3/0c44253f-c4a3-4340-9d37-d41e42b9d14a/970c8e9f-374e-46aa-9436-5b7ca2accf65/300x300.jpg
Régimes alimentaires,d44d3151-52b6-44e4-91c6-8564844fb619,MPX_6565605,WW 8 wraps protéinés 330g,4.09,12.39,"['Produits du monde', 'Mexique - México', 'Tortilla et Wrap']",Weight Watchers,True,False,false,1.0,MONTH,330g,[],https://courses.monoprix.fr/images-v3/0c44253f-c4a3-4340-9d37-d41e42b9d14a/7d01b083-3edf-40e8-8a8a-920e9aafb046/300x300.jpg
Régimes alimentaires,2734b5b8-cf5c-4251-9c38-48dc84d807b8,MPX_5509058,Beyond Meat Boulettes végétales 200g,4.99,24.95,"['Boucherie et Volaille', 'Protéines végétales']",BEYOND MEAT,True,False,false,2.0,DAY,200g,['Produit halal'],https://courses.monoprix.fr/images-v3/0c44253f-c4a3-4340-9d37-d41e42b9d14a/d43aa9a8-73ad-4b8f-9a8b-e50efabec3db/300x300.jpg
Régimes alimentaires,7feb5e1b-e581-4906-9e92-ef54a8b49e12,MPX_3706498,Clement Faugier Crème De Marrons De L'Ardèche - Tube 78G,1.49,19.1,"['Nos régions de France', 'Auvergne Rhône Alpes', 'Dauphiné']",Clement Faugier,True,False,false,1.0,YEAR,78g,"['Produit végétarien', 'Produit vegan', 'Produit casher']",https://courses.monoprix.fr/images-v3/0c44253f-c4a3-4340-9d37-d41e42b9d14a/893b6298-941a-4b28-ac51-8350ce7cdfc5/300x300.jpg
Régimes alimentaires,9bd34693-dc7a-4d5e-b30b-0216ca43f443,MPX_3044915,Jardin Bio Quinoa graines gourmandes sans gluten & lactose 220g,3.59,16.32,"['Epicerie Salée', 'Pâte, Riz, Céréale et Purée', 'Pâte, Riz, Purée et Légume sec bio']",Jardin Bio,True,False,false,6.0,MONTH,220g,"['Produit équitable', 'Produit micro-ondable', 'Produit bio']",https://courses.monoprix.fr/images-v3/0c44253f-c4a3-4340-9d37-d41e42b9d14a/7ae20557-80f2-4d1d-9eec-6ce7bc11e489/300x300.jpg
Régimes alimentaires,85e1e69e-ac16-4bcc-931e-d05513b694c2,MPX_5498876,Garden Gourmet Vuna 175 g,4.69,26.8,"['Régimes alimentaires', 'Végétal', 'Protéine végétale']",GARDEN GOURMET,True,False,false,4.0,WEEK,175g,"['Produit végétarien', 'Produit vegan']",https://courses.monoprix.fr/images-v3/0c44253f-c4a3-4340-9d37-d41e42b9d14a/3177bd20-7958-4245-9c4e-4a3310740feb/300x300.jpg
Régimes alimentaires,6d6c8fef-cab0-4663-a62d-1bd7ceab7878,MPX_6617805,Weight Watchers Nouilles Chinoise au Poulet 300g,5.69,18.97,"['Régimes alimentaires', 'Nutrition et Minceur', 'Repas et Encas Minceur']",Weight Watchers,True,False,false,1.0,WEEK,300g,[],https://courses.monoprix.fr/images-v3/0c44253f-c4a3-4340-9d37-d41e42b9d14a/bdf3c558-36f0-4e67-8b43-736d03ccf3dc/300x300.jpg
Régimes alimentaires,99e197dc-4400-432b-a1cf-b90ef6015e91,MPX_1934804,Fleury Michon Blanc De Poulet Halal Tranches Fines X4,3.45,21.56,"['Charcuterie et Traiteur', 'Charcuterie', 'Charcuterie de volaille', 'Blanc de volaille']",Fleury michon,True,False,false,1.0,WEEK,160g,['Produit halal'],https://courses.monoprix.fr/images-v3/0c44253f-c4a3-4340-9d37-d41e42b9d14a/69fabb44-0997-4e55-913d-fdacf091c820/300x300.jpg
Régimes alimentaires,50c18bbf-24bd-4c3b-9811-a29a35b82a50,MPX_3418193,Gerblé Galette Maïs Chocolat Au Lait 124G,2.75,22.18,"['Régimes alimentaires', 'Nutrition et Minceur', 'Repas et Encas Minceur']",Gerblé,True,False,false,2.0,MONTH,124g,[],https://courses.monoprix.fr/images-v3/0c44253f-c4a3-4340-9d37-d41e42b9d14a/7ee0086f-46e7-4491-94fc-bfec52959a78/300x300.jpg
Régimes alimentaires,4ad43d43-436e-4c12-81ca-2831f8cdba5b,MPX_6565599,WW biscuits petit déjeuner chocolat et noix de pécan 200g,3.39,16.95,"['Epicerie Sucrée', 'Biscuit Sec', 'Biscuit petit déjeuner']",Weight Watchers,True,False,false,1.0,MONTH,200g,[],https://courses.monoprix.fr/images-v3/0c44253f-c4a3-4340-9d37-d41e42b9d14a/61932f69-3848-4d8d-9f3d-388ff434cd63/300x300.jpg
Régimes alimentaires,b1784302-1875-4f6d-95be-d5e5ad9887bf,MPX_3011408,Monoprix nuggets de blé riche en protéines 200g,3.99,19.95,"['Charcuterie et Traiteur', 'Traiteur végétal', 'Traiteur végétal']",Monoprix,True,False,false,1.0,WEEK,200g,[],https://courses.monoprix.fr/images-v3/0c44253f-c4a3-4340-9d37-d41e42b9d14a/f10b84b2-63ff-4edd-af8a-2c8b77025b15/300x300.jpg
Régimes alimentaires,df61f078-d50b-47e0-8b41-7929d408e469,MPX_657838,"Bjorg Soja cuisine fluide, bio 25cl",1.45,5.8,"['Epicerie Salée', 'Sauce et Base culinaire', 'Lait et Crème de coco']",Bjorg,True,False,false,2.0,MONTH,250ml,['Produit bio'],https://courses.monoprix.fr/images-v3/0c44253f-c4a3-4340-9d37-d41e42b9d14a/a94a3ced-5bf8-437e-a924-2c4c433e4117/300x300.jpg
Régimes alimentaires,1b2fb148-538b-4ffb-8562-29fc6b5af01b,MPX_6574395,Liv Happy Food spaghetti de konjac & avoine 200g,3.99,19.95,"['Epicerie Salée', 'Pâte, Riz, Céréale et Purée', 'Pâtes', 'Pâtes longues']",Liv Happy Food,True,False,false,2.0,MONTH,200g,[],https://courses.monoprix.fr/images-v3/0c44253f-c4a3-4340-9d37-d41e42b9d14a/97f28480-bb17-45e5-9da4-883172b5dae9/300x300.jpg
Régimes alimentaires,7da2b090-e61e-4602-bba9-22e8554bad39,MPX_3182078,Monoprix Bio Graines De Courge 200G,6.09,30.45,"['Epicerie Sucrée', 'Céréale et Barre', 'Céréale et Barre bio']",Monoprix Bio,True,False,false,2.0,MONTH,200g,['Produit bio'],https://courses.monoprix.fr/images-v3/0c44253f-c4a3-4340-9d37-d41e42b9d14a/9a083b55-3b6c-4e75-9628-6d2d256ca1e9/300x300.jpg
Régimes alimentaires,0cdbbf4e-f735-492f-9d21-9997580cc2bb,MPX_2008824,Schär Crackers Nature Sans Gluten 210G,4.99,23.76,"['Régimes alimentaires', 'Sans gluten', 'Biscuit, Gâteau sans gluten']",Schar,True,False,false,2.0,MONTH,210g,[],https://courses.monoprix.fr/images-v3/0c44253f-c4a3-4340-9d37-d41e42b9d14a/266b1114-c242-4a9c-867a-24855746ef81/300x300.jpg
Régimes alimentaires,62c38ff7-2515-4fc0-9bdf-f2d58125b216,MPX_1817640,Gerblé Madeleines Aux Oeufs Sans Gluten 200G,5.65,28.25,"['Epicerie Sucrée', 'Biscuit Sec', 'Biscuit allégé']",Gerblé,True,False,false,2.0,MONTH,200g,[],https://courses.monoprix.fr/images-v3/0c44253f-c4a3-4340-9d37-d41e42b9d14a/3ea9d9a1-6dd0-4393-ad45-e864dfe71857/300x300.jpg
Régimes alimentaires,061b860c-676c-4259-9290-9f77dcfb663f,MPX_343409,Gerblé Levure Diététique En Paillettes 150G,3.25,21.67,"['Régimes alimentaires', 'Nutrition et Minceur', 'Repas et Encas Minceur']",Gerblé,True,False,false,6.0,MONTH,150g,[],https://courses.monoprix.fr/images-v3/0c44253f-c4a3-4340-9d37-d41e42b9d14a/bbfb36c6-d942-4cc7-8427-457b356dcd74/300x300.jpg
Régimes alimentaires,c4f3dc35-eefd-4b59-b578-87b3c12d3384,MPX_6565185,Heura Escalope Panée x2 - 220g,4.69,21.32,"['Boucherie et Volaille', 'Protéines végétales']",Heura,True,False,false,4.0,DAY,220g,[],https://courses.monoprix.fr/images-v3/0c44253f-c4a3-4340-9d37-d41e42b9d14a/2fd99faa-6371-4716-80db-6f6a79e046b6/300x300.jpg
Régimes alimentaires,4182a6e4-648c-4b31-ac13-adab32103336,MPX_6566597,Happyvore chorizo 90g,3.59,39.89,"['Régimes alimentaires', 'Végétal', 'Protéine végétale']",Happyvore,True,False,false,3.0,WEEK,90g,[],https://courses.monoprix.fr/images-v3/0c44253f-c4a3-4340-9d37-d41e42b9d14a/49b0e5ec-37a0-4857-85e5-9179fc909cf9/300x300.jpg
Régimes alimentaires,954f9635-d484-483f-aaae-d0dd3708b57b,MPX_6610172,Hari&Co tikka masala légumes et coco bio 280g,5.89,21.04,"['Charcuterie et Traiteur', 'Pause Déjeuner', 'Plats cuisinés', 'Plats classiques']",Hari&Co,True,False,false,1.0,WEEK,280g,"['Produit végétarien', 'Produit vegan', 'Produit bio']",https://courses.monoprix.fr/images-v3/0c44253f-c4a3-4340-9d37-d41e42b9d14a/6794ef28-8359-4fad-bb85-38665d3c787b/300x300.jpg
Régimes alimentaires,b2a7bda2-20c5-43ae-aa3d-d20b925c74cf,MPX_13011,Bjorg jus de pruneaux Bio 750ml,3.49,4.65,"['Bio', 'Boisson et Cave bio', 'Jus bio']",Bjorg,True,False,false,1.0,MONTH,750ml,[],https://courses.monoprix.fr/images-v3/0c44253f-c4a3-4340-9d37-d41e42b9d14a/968e59ba-310b-4e3f-ac32-b24580954190/300x300.jpg
Régimes alimentaires,41aa04f8-0699-4414-93c6-4b7d89d25c4b,MPX_1738213,"Gerblé Biscuit Léger Choco Fondant, Sans Sucres Ajoutés 126g",3.09,24.52,"['Epicerie Sucrée', 'Biscuit Sec', 'Biscuit allégé']",Gerblé,True,False,false,2.0,MONTH,126g,[],https://courses.monoprix.fr/images-v3/0c44253f-c4a3-4340-9d37-d41e42b9d14a/429cc86b-923c-4a18-bde1-08cd8ce06e66/300x300.jpg
Régimes alimentaires,a73653b1-1312-43fa-8ac5-e3d7e47344c7,MPX_2140256,Ayam Crème de Coco 200ml,1.99,9.95,"['Produits du monde', 'Asie 亚洲', 'Lait et Crème de coco']",Ayam,True,False,false,6.0,MONTH,200ml,['Produit vegan'],https://courses.monoprix.fr/images-v3/0c44253f-c4a3-4340-9d37-d41e42b9d14a/b008df41-9cb3-44fb-86c0-d3256765e08d/300x300.jpg
Régimes alimentaires,90b1b56b-5b74-437c-ba53-939b45102754,MPX_4079824,Bjorg Boisson Oui au Végétal bio 1L,2.55,2.55,"['Régimes alimentaires', 'Végétal', 'Boisson végétale']",Bjorg,True,False,false,1.0,MONTH,1L,"['Produit végétarien', 'Produit bio']",https://courses.monoprix.fr/images-v3/0c44253f-c4a3-4340-9d37-d41e42b9d14a/5378c128-efe3-47d9-bd4a-bd53ff9c87de/300x300.jpg
Régimes alimentaires,0d15df0a-b299-41e1-8c7d-2589c37826f2,MPX_6578367,Happyvore 4 knax végétales & gourmandes 200g,4.59,22.95,"['Régimes alimentaires', 'Végétal', 'Protéine végétale']",Happyvore,True,False,false,5.0,DAY,200g,[],https://courses.monoprix.fr/images-v3/0c44253f-c4a3-4340-9d37-d41e42b9d14a/03321aef-6220-4948-a100-240b73ef193c/300x300.jpg
Régimes alimentaires,177eda86-1403-4997-a143-9a3a4c73632f,MPX_6596289,Planta Fin margarine doux 100% végétal 225g,1.99,8.84,"['Régimes alimentaires', 'Végétal', 'Aide culinaire végétale']",Planta Fin,True,False,false,3.0,WEEK,225g,[],https://courses.monoprix.fr/images-v3/0c44253f-c4a3-4340-9d37-d41e42b9d14a/384a7d52-451f-4bee-832f-97447b7a14da/300x300.jpg
Régimes alimentaires,c6631e41-b0df-4569-98de-d731e87b8806,MPX_6470106,Reghalal blanc de dinde fumé x4 tranches,2.25,18.75,"['Charcuterie et Traiteur', 'Charcuterie', 'Halal et Casher']",Reghalal,True,False,false,1.0,WEEK,120g,['Produit halal'],https://courses.monoprix.fr/images-v3/0c44253f-c4a3-4340-9d37-d41e42b9d14a/c3faf595-8d95-4ba3-a71d-82791abdca44/300x300.jpg
Régimes alimentaires,3904b354-4c84-4f7f-8d1a-7e4a6aec5dd7,MPX_5478641,La Vie Lardon Végétaux Nature 150 g,3.85,25.67,"['Régimes alimentaires', 'Végétal', 'Protéine végétale']",La Vie,True,False,false,1.0,WEEK,150g,[],https://courses.monoprix.fr/images-v3/0c44253f-c4a3-4340-9d37-d41e42b9d14a/49f9d6f1-7bb3-4ef7-aeb5-666d394e956e/300x300.jpg
Régimes alimentaires,5510a0aa-6c73-4e31-a2d5-3e2ad1eb326d,MPX_6123439,Alpro Dessert Végétal soja citron & Citron vert 500g,2.39,4.78,"['Régimes alimentaires', 'Végétal', 'Dessert végétal']",Alpro,True,False,false,1.0,WEEK,500g,[],https://courses.monoprix.fr/images-v3/0c44253f-c4a3-4340-9d37-d41e42b9d14a/724719f3-041e-4c34-aa28-06ba7f16bc90/300x300.jpg
Régimes alimentaires,d1e54e86-355f-43c3-9077-22f0f5829614,MPX_2307057,Gerblé Biscuit Sésame Saveur Vanille 132G,3.39,25.68,"['Epicerie Sucrée', 'Biscuit Sec', 'Biscuit allégé']",Gerblé,True,False,false,2.0,MONTH,132g,[],https://courses.monoprix.fr/images-v3/0c44253f-c4a3-4340-9d37-d41e42b9d14a/56cb2aa4-c55d-46f7-8a54-b7602476ef01/300x300.jpg
Régimes alimentaires,8faf8892-e170-4e9d-aad9-5da732214be9,MPX_1755815,Dabia Boulettes halal saveur orientale 375g,4.99,13.31,"['Boucherie et Volaille', 'Boucherie', 'Viandes hachées et farces']",DABIA,True,False,false,2.0,DAY,375g,['Produit halal'],https://courses.monoprix.fr/images-v3/0c44253f-c4a3-4340-9d37-d41e42b9d14a/1323d98b-1a4f-40a1-b346-c758643ebf1d/300x300.jpg
Régimes alimentaires,e2b56596-0262-4241-a901-f7b0423cdf0b,MPX_2849282,"Gerblé Moëlleux Saveur Citron, Sans Sucres 196G",4.39,22.4,"['Epicerie Sucrée', 'Biscuit Sec', 'Biscuit allégé']",Gerblé,True,False,false,1.0,MONTH,196g,[],https://courses.monoprix.fr/images-v3/0c44253f-c4a3-4340-9d37-d41e42b9d14a/3fc25458-e025-4b07-95cf-690f256de523/300x300.jpg
Régimes alimentaires,c8eefa20-c7f7-49aa-883d-2cfdc0740133,MPX_2075898,Monoprix Spécialité Fermentée au Soja Nature 6x100g,1.49,2.48,"['Produits Laitiers, Œufs et Fromages', 'Yaourts', 'Yaourts natures']",Monoprix,True,False,false,2.0,WEEK,6 x 100g,[],https://courses.monoprix.fr/images-v3/0c44253f-c4a3-4340-9d37-d41e42b9d14a/91432098-be6b-4c95-a3e5-09cfe04edd50/300x300.jpg
Régimes alimentaires,dbd8f918-f7f1-4548-93d3-523d51899c1b,MPX_4123760,Violife Blanc Grec Bloc Végan 200g,3.09,15.45,"['Produits Laitiers, Œufs et Fromages', 'Fromages à cuisiner, raclettes et apéritifs', 'Mozza, Feta et Burrata']",Violife,True,False,false,4.0,WEEK,200g,"['Produit halal', 'Produit vegan', 'Produit casher']",https://courses.monoprix.fr/images-v3/0c44253f-c4a3-4340-9d37-d41e42b9d14a/f7b29bb7-8ac0-4830-93da-d636ff7b00ef/300x300.jpg
Régimes alimentaires,bd9d4e22-05af-4593-8147-adbb7dbd8705,MPX_4615680,Planted Kebab Végétal 160g,4.09,25.56,"['Charcuterie et Traiteur', 'Traiteur végétal', 'Traiteur végétal']",Planted,True,False,false,1.0,WEEK,160g,[],https://courses.monoprix.fr/images-v3/0c44253f-c4a3-4340-9d37-d41e42b9d14a/8a96d511-eda6-48e8-9b47-c705a7f51f21/300x300.jpg
Régimes alimentaires,800d6f77-87ad-415e-92f8-5ac43ecd5f11,MPX_4080561,Hari&Co Nuggets De Pois Chiches Bio Tomate Herbes De Provence 160G,4.99,27.72,"['Charcuterie et Traiteur', 'Pause Déjeuner', 'Plats cuisinés', 'Plats allégés']",HARI&CO,True,False,false,1.0,WEEK,180g,['Produit bio'],https://courses.monoprix.fr/images-v3/0c44253f-c4a3-4340-9d37-d41e42b9d14a/7e50978e-b0ab-42b4-b536-b869cb56e08d/300x300.jpg
Régimes alimentaires,2e43e4df-b5fd-4de4-981c-adb1ea973cfd,MPX_2063044,Bjorg Boisson végétale coco bio 1L,4.29,4.29,"['Bio', 'Boisson et Cave bio', 'Boisson végétale bio']",Bjorg,True,False,false,1.0,MONTH,1L,['Produit bio'],https://courses.monoprix.fr/images-v3/0c44253f-c4a3-4340-9d37-d41e42b9d14a/7ec8a98e-b2ab-4843-9ad2-35847f15c209/300x300.jpg
Régimes alimentaires,bde23ee7-8fe3-4611-844f-829c968b54b3,MPX_2454991,Gerblé MOELLEUX CHOCOLAT-NOIX 138 GR,3.29,23.84,"['Epicerie Sucrée', 'Biscuit Sec', 'Biscuit allégé']",Gerblé,True,False,false,2.0,MONTH,138g,[],https://courses.monoprix.fr/images-v3/0c44253f-c4a3-4340-9d37-d41e42b9d14a/1e3ea60e-7771-4260-9943-e675b36cd604/300x300.jpg
Régimes alimentaires,371b5c15-0100-407b-addb-61fb7f205d3b,MPX_3537027,[Par Naturalia]  Babybio Dessert Brassé Bio Coco Kiwi d'Aquitaine & Banane Dès 6 mois 4x85g,5.55,16.32,"['Naturalia', 'Bébé', 'Alimentation Bébé']",Babybio,True,False,false,2.0,MONTH,4 x 85g,['Produit bio'],https://courses.monoprix.fr/images-v3/0c44253f-c4a3-4340-9d37-d41e42b9d14a/193cb946-0a14-455b-a126-7f381d0307f2/300x300.jpg
Régimes alimentaires,16ff45cc-26f4-4939-aa8f-aee5b12b5c07,MPX_1542207,Cereal Bio Galettes Épeautre Et Boulghour Aux Petits Légumes Sans Viande Bio 200g,3.35,16.75,"['Régimes alimentaires', 'Vegan', 'Epicerie salée vegan']",Céréal bio,True,False,false,2.0,MONTH,200g,"['Produit vegan', 'Produit bio']",https://courses.monoprix.fr/images-v3/0c44253f-c4a3-4340-9d37-d41e42b9d14a/1b1ffcd1-4dff-4a13-be35-eb709e7d81ab/300x300.jpg
Régimes alimentaires,7bde8b26-1658-44b9-8e3a-28f5c3e87f81,MPX_4097543,Charles & Alice végétal dessert gourmand stracciatella 2x110g,2.39,10.86,"['Régimes alimentaires', 'Vegan', 'Dessert vegan']",Charles & Alice,True,False,false,1.0,WEEK,220g,[],https://courses.monoprix.fr/images-v3/0c44253f-c4a3-4340-9d37-d41e42b9d14a/58a65aa4-d974-4110-9011-de60722d0e9d/300x300.jpg
Régimes alimentaires,ca2871a7-2927-4048-b7b9-6877b657bf9f,MPX_4686583,Feed Barre céréales Protéines Shot chocolat Amande 40g,2.49,62.25,"['Nos sélections', 'Inspiration du moment', '& Kit du sportif', 'Encas pour sportif']",Feed,True,False,false,2.0,MONTH,40g,"['Produit halal', 'Produit vegan', 'Produit casher']",https://courses.monoprix.fr/images-v3/0c44253f-c4a3-4340-9d37-d41e42b9d14a/db6c1bb2-09e5-4347-a06b-b2cde71aad19/300x300.jpg
Régimes alimentaires,df0c2405-43b3-4817-8952-e98e0e03f5cc,MPX_112920,Gerlinéa Coupelle Crème Saveur Chocolat 3 X 210 G,6.25,9.92,"['Régimes alimentaires', 'Nutrition et Minceur', 'Repas et Encas Minceur']",Gerlinéa,True,False,false,2.0,MONTH,630g,[],https://courses.monoprix.fr/images-v3/0c44253f-c4a3-4340-9d37-d41e42b9d14a/df2a0b14-06fa-4243-a785-5c9b5e27471a/300x300.jpg
Régimes alimentaires,b0c2ed8e-d7f0-4cc8-b5c1-6bffb2072b78,MPX_3279341,Monoprix Bio Spécialité Au Soja Chocolat 4X100G,1.95,4.88,"['Bio', 'Crèmerie bio', 'Yaourt bio']",Monoprix Bio,True,False,false,2.0,WEEK,4 x 100g,['Produit bio'],https://courses.monoprix.fr/images-v3/0c44253f-c4a3-4340-9d37-d41e42b9d14a/e9534fa6-da8f-42e0-91cd-2087109606b8/300x300.jpg
Régimes alimentaires,ab6460c3-1dfc-4c86-a5db-6887f35e1f93,MPX_6718289,Accro Merguez 100% Végétal 200g,4.59,22.95,"['Régimes alimentaires', 'Végétal', 'Protéine végétale']",Accro,True,False,false,1.0,WEEK,200g,['Produit vegan'],https://courses.monoprix.fr/images-v3/0c44253f-c4a3-4340-9d37-d41e42b9d14a/3b0c8b2c-4f9d-4864-9fcb-4573d0283248/300x300.jpg
Régimes alimentaires,87345f5f-beca-4526-af09-719d223da042,MPX_3835117,"nu3 Fit spaghetti, nouilles de konjac 200g",3.39,16.95,"['Nos sélections', 'Inspiration du moment', '& Kit du sportif', 'Smart food']",nu3,True,False,false,6.0,MONTH,200g,[],https://courses.monoprix.fr/images-v3/0c44253f-c4a3-4340-9d37-d41e42b9d14a/812e1d11-9fe8-4c40-864d-e097fd97daa5/300x300.jpg
Régimes alimentaires,7d36e049-64c2-4312-a603-0722db27f47b,MPX_2947756,Vegan Deli Cordon Bleu Végétalien 200g,4.19,20.95,"['Bio', 'Boucherie et Volaille bio', 'Volaille bio']",Vegan Deli,True,False,false,2.0,WEEK,200g,"['Produit végétarien', 'Produit halal', 'Produit vegan']",https://courses.monoprix.fr/images-v3/0c44253f-c4a3-4340-9d37-d41e42b9d14a/c2f0b290-8407-4786-82b2-060d85880523/300x300.jpg
Régimes alimentaires,e25341d3-c30f-46ed-b290-2c5db8c030ee,MPX_1512642,"Gerblé Biscuits crousti'son miel sésame, au son de blé 200g",2.75,13.75,"['Epicerie Sucrée', 'Biscuit Sec', 'Biscuit allégé']",Gerble,True,False,false,2.0,MONTH,200g,[],https://courses.monoprix.fr/images-v3/0c44253f-c4a3-4340-9d37-d41e42b9d14a/a677120a-aab7-436c-88b9-c70412392b4b/300x300.jpg
Régimes alimentaires,d18ac8c0-cc76-41eb-b1d6-4b022a7c2041,MPX_6596288,Planta Fin margarine doux 100% végétal 450g,3.49,7.76,"['Régimes alimentaires', 'Végétal', 'Aide culinaire végétale']",Planta Fin,True,False,false,3.0,WEEK,450g,[],https://courses.monoprix.fr/images-v3/0c44253f-c4a3-4340-9d37-d41e42b9d14a/256a4bf2-802b-4bdd-89af-5bb13d72f148/300x300.jpg
Régimes alimentaires,30408d0c-89ea-4f81-a380-625fdeeb7a8f,MPX_2035605,Reghalal Filets de Poulet 450g,6.93,15.39,"['Boucherie et Volaille', 'Volaille', 'Poulet']",REGHALAL,True,False,false,4.0,DAY,450,[],https://courses.monoprix.fr/images-v3/0c44253f-c4a3-4340-9d37-d41e42b9d14a/03c437bf-9ee8-4018-8932-e051ad23c523/300x300.jpg
Régimes alimentaires,955c924b-4262-4f19-9068-e09fe5c27a04,MPX_1653223,Céréal Bio Galettes au quinoa et boulghour à la tomate sans viande bio 200g,3.35,16.75,"['Epicerie Salée', 'Pâte, Riz, Céréale et Purée', 'Pâte, Riz, Purée et Légume sec bio']",Céréal bio,True,False,false,2.0,MONTH,200g,"['Produit vegan', 'Produit bio']",https://courses.monoprix.fr/images-v3/0c44253f-c4a3-4340-9d37-d41e42b9d14a/69a99d42-46cf-4cda-a67d-7b0bd7c14998/300x300.jpg
Régimes alimentaires,f0c1c5b7-9ab3-4320-9f1f-f0b04130015e,MPX_3835116,"nu3 Fit Tagliatelle, nouilles de konjac 200g",3.39,16.95,"['Nos sélections', 'Inspiration du moment', '& Kit du sportif', 'Smart food']",nu3,True,False,false,1.0,MONTH,200g,[],https://courses.monoprix.fr/images-v3/0c44253f-c4a3-4340-9d37-d41e42b9d14a/cdb2a678-27c8-4c0d-b751-ddde6f9f2e30/300x300.jpg
Régimes alimentaires,3fe7fd19-d540-412d-8c9e-1c3ebe0a593b,MPX_6623996,Gerblé biscuits fourré figue sans sucre ajouté 180g,3.99,22.17,"['Epicerie Sucrée', 'Biscuit Sec', 'Biscuit aux fruits']",Gerblé,True,False,false,2.0,MONTH,180g,[],https://courses.monoprix.fr/images-v3/0c44253f-c4a3-4340-9d37-d41e42b9d14a/e73e8fc2-d736-4dd9-82c6-bf13b95fd624/300x300.jpg
Régimes alimentaires,2124618b-7369-490e-a376-dc552a5d889a,MPX_3765676,Gerblé Biscuits saveur Abricot & Eclats de Pistache 160g,3.99,24.94,"['Régimes alimentaires', 'Nutrition et Minceur', 'Repas et Encas Minceur']",Gerblé,True,False,false,2.0,MONTH,160g,[],https://courses.monoprix.fr/images-v3/0c44253f-c4a3-4340-9d37-d41e42b9d14a/0c3e7f3c-c9c7-4187-8dd5-b6f90926f7ae/300x300.jpg
Régimes alimentaires,73a03a88-0865-4282-a259-dacd2b485419,MPX_2454993,"Gerblé Biscuit Quinoa Cacao, Aux Germes De Blé & Maïs 132G",2.75,20.83,"['Epicerie Sucrée', 'Biscuit Sec', 'Biscuit allégé']",Gerblé,True,False,false,2.0,MONTH,132g,[],https://courses.monoprix.fr/images-v3/0c44253f-c4a3-4340-9d37-d41e42b9d14a/01e6497d-7846-4527-b463-32c5622f9ed3/300x300.jpg
Régimes alimentaires,416c8525-e6d4-4915-ad0a-0cc9b3c1f3d2,MPX_3874833,Bjorg Boisson végétale amande noisette bio 1L,3.49,3.49,"['Bio', 'Boisson et Cave bio', 'Boisson végétale bio']",Bjorg,True,False,false,1.0,MONTH,1L,['Produit bio'],https://courses.monoprix.fr/images-v3/0c44253f-c4a3-4340-9d37-d41e42b9d14a/e38c516c-1340-4995-b787-893f77496e50/300x300.jpg
Régimes alimentaires,56b9ebb0-1987-47e4-89f0-cef8d8f4caca,MPX_6772484,Nutella Pâte à Tartiner Vegan 350g,4.49,12.83,"['Nos sélections', 'Nouveau sur le site', 'Epicerie']",Nutella,True,False,false,2.0,MONTH,350g,[],https://courses.monoprix.fr/images-v3/0c44253f-c4a3-4340-9d37-d41e42b9d14a/2776e56a-ba18-4336-9158-32e7e759fe73/300x300.jpg
Régimes alimentaires,ebcf92e5-fd71-41df-a4a1-2b37eccbbbe0,MPX_2786284,Osem Bamba Aux Arachides 25G,1.85,74.0,"['Régimes alimentaires', 'Casher', 'Epicerie Salée et Sucrée']",Osem,True,False,false,1.0,MONTH,25g,[],https://courses.monoprix.fr/images-v3/0c44253f-c4a3-4340-9d37-d41e42b9d14a/74446e37-b49c-4df2-8b23-f9e2832f25ca/300x300.jpg
Régimes alimentaires,55bf5c2e-bb7d-49bc-917c-2661bb7f1366,MPX_4199053,Monoprix Bio Baies de Goji Séchées 100g,4.85,48.5,"['Epicerie Sucrée', 'Céréale et Barre', 'Céréale et Barre bio']",Monoprix Bio,True,False,false,2.0,MONTH,100g,[],https://courses.monoprix.fr/images-v3/0c44253f-c4a3-4340-9d37-d41e42b9d14a/53f085fe-945a-4cc6-a201-7257b6bc4b6b/300x300.jpg
Régimes alimentaires,06634a02-dfce-40ff-9342-3e3983fa4a5f,MPX_1240371,"Gerlinéa Biscuits De Régime Hyperprotéinés, Saveur Citron Vanille 156G",2.75,17.63,"['Régimes alimentaires', 'Nutrition et Minceur', 'Biscuit diététique']",Gerlinéa,True,False,false,6.0,MONTH,156g,[],https://courses.monoprix.fr/images-v3/0c44253f-c4a3-4340-9d37-d41e42b9d14a/a596079c-f797-40f8-aaf4-0121fe1d6af1/300x300.jpg
Régimes alimentaires,98256c87-6e5c-4180-8082-ef7a5479a74b,MPX_3659419,"Bjorg Lait De Coco Fluide, Pauvre En Sel bio 3 x 200ml",5.89,9.82,"['Bio', 'Boisson et Cave bio', 'Boisson végétale bio']",Bjorg,True,False,false,1.0,MONTH,600ml,[],https://courses.monoprix.fr/images-v3/0c44253f-c4a3-4340-9d37-d41e42b9d14a/1e146f3a-75c4-4c1e-a9b2-ca382987da19/300x300.jpg
Régimes alimentaires,28fa0204-568c-42d6-bbc7-d8f40ec7ee68,MPX_2469624,Schär Pain Brioché Sans Gluten 370G,6.15,16.62,"['Régimes alimentaires', 'Sans gluten', 'Petit déjeuner sans gluten']",Schar,True,False,false,1.0,MONTH,370g,[],https://courses.monoprix.fr/images-v3/0c44253f-c4a3-4340-9d37-d41e42b9d14a/55efd451-f5b6-421b-af93-ec36b060ca16/300x300.jpg
Régimes alimentaires,b7488137-ea14-42e2-b835-2d777448cde0,MPX_3956999,Céréal Bio Tofu Soyeux 400g,3.19,7.98,"['Régimes alimentaires', 'Végétal', 'Protéine végétale']",Céréal Bio Frais,True,False,false,2.0,WEEK,400g,"['Produit végétarien', 'Produit bio']",https://courses.monoprix.fr/images-v3/0c44253f-c4a3-4340-9d37-d41e42b9d14a/a8bee462-43b9-48ad-801c-36da7941568a/300x300.jpg
Régimes alimentaires,31b06341-a91d-4a24-a77f-a1d6e5b7b161,MPX_3083831,Jardin Bio Lentilles Et Pois Chiches Cuisinés 250g,3.69,14.76,"['Epicerie Salée', 'Pâte, Riz, Céréale et Purée', 'Pâte, Riz, Purée et Légume sec bio']",Jardin Bio,True,False,false,2.0,MONTH,250g,"['Produit micro-ondable', 'Produit bio']",https://courses.monoprix.fr/images-v3/0c44253f-c4a3-4340-9d37-d41e42b9d14a/11ea9f1e-0a76-4685-965b-962d14a84498/300x300.jpg
Régimes alimentaires,8ca2cfa8-e336-45d4-a359-b4e85d759758,MPX_6716086,Funky Veggie Céréales fourrées cacao noisette Bio 250g,4.99,19.96,"['Régimes alimentaires', 'Vegan', 'Epicerie sucrée vegan']",Funky Veggie,True,False,false,2.0,MONTH,250g,"['Produit vegan', 'Produit bio']",https://courses.monoprix.fr/images-v3/0c44253f-c4a3-4340-9d37-d41e42b9d14a/c17efc5d-8f04-4fe7-9f4d-192dd70d3df0/300x300.jpg
Régimes alimentaires,6e0a60b4-db86-434a-bca5-a761ab5520d5,MPX_3071405,Fleury Michon Blanc De Poulet Fumé Halal Tranches Fines X6,3.99,22.17,"['Charcuterie et Traiteur', 'Charcuterie', 'Charcuterie de volaille', 'Blanc de volaille']",Fleury Michon,True,False,false,1.0,WEEK,180g,['Produit halal'],https://courses.monoprix.fr/images-v3/0c44253f-c4a3-4340-9d37-d41e42b9d14a/dd5c05ce-cd64-4e81-874c-e5d33ed269b3/300x300.jpg
Régimes alimentaires,828f90df-dbba-40f8-9162-651be2dee9ec,MPX_1045904,Yarden Concombre aigre doux cacher 860g,6.79,7.9,"['Régimes alimentaires', 'Casher', 'Epicerie Salée et Sucrée']",Yarden,True,False,false,1.0,MONTH,860g,[],https://courses.monoprix.fr/images-v3/0c44253f-c4a3-4340-9d37-d41e42b9d14a/cb4e9161-acf7-49f7-a69f-ca9bc54c671c/300x300.jpg
Régimes alimentaires,881f61f3-240f-445e-8bd1-226c68819100,MPX_1892734,Ariaké Bouillon de Légumes 100% Naturel 52g,6.99,134.42,"['Nos recettes', 'Recettes Gastronomie Française', '& Poulet fermier mijoté']",Ariaké,True,False,false,2.0,MONTH,52g,['Produit vegan'],https://courses.monoprix.fr/images-v3/0c44253f-c4a3-4340-9d37-d41e42b9d14a/6c99858c-5c53-4e71-ab0d-943c5dbd58a0/300x300.jpg
Régimes alimentaires,0afd1421-f5db-4c62-acf9-45020603dc4e,MPX_4686585,Feed Barre Enrobé Peanuts Protéine Shot x1,2.59,47.09,"['Nos sélections', 'Inspiration du moment', '& Kit du sportif', 'Encas pour sportif']",Feed,True,False,false,2.0,MONTH,55g,"['Produit halal', 'Produit vegan', 'Produit casher']",https://courses.monoprix.fr/images-v3/0c44253f-c4a3-4340-9d37-d41e42b9d14a/d9675f59-d9ea-416f-b193-e475f0ef1976/300x300.jpg
Régimes alimentaires,42f248fe-43b2-4ab8-9642-a356d47df2c5,MPX_654585,Gerblé Biscuit chocolat noir fondant 150g,2.45,16.33,"['Epicerie Sucrée', 'Biscuit Sec', 'Biscuit allégé']",Gerblé,True,False,false,2.0,MONTH,150g,[],https://courses.monoprix.fr/images-v3/0c44253f-c4a3-4340-9d37-d41e42b9d14a/08533846-0343-48a9-b5b9-dcd0e488c98d/300x300.jpg
Régimes alimentaires,c8509d5b-dd9b-4946-b76b-ef3aa779bdc2,MPX_3221880,Bjorg Lait d'amande grillée bio 1L,3.49,3.49,"['Bio', 'Boisson et Cave bio', 'Boisson végétale bio']",Bjorg,True,False,false,1.0,MONTH,1L,['Produit bio'],https://courses.monoprix.fr/images-v3/0c44253f-c4a3-4340-9d37-d41e42b9d14a/2debee37-a028-4611-ad5d-99ae60ae6c97/300x300.jpg
Régimes alimentaires,b30224dc-9a25-4203-9a34-ac7e6330b6ce,MPX_6566598,Happyvore salami 90g,3.59,39.89,"['Charcuterie et Traiteur', 'Traiteur végétal', 'Traiteur végétal']",Happyvore,True,False,false,2.0,WEEK,90g,[],https://courses.monoprix.fr/images-v3/0c44253f-c4a3-4340-9d37-d41e42b9d14a/f89ca1ba-7208-4da2-8c5d-c418008f4404/300x300.jpg
Régimes alimentaires,f72c1a3a-63d3-4b64-a384-ad21f1d45e31,MPX_6565602,Ww mini galettes de maïs & riz saveur fromage,1.85,26.43,"['Epicerie Salée', 'Produit apéritif', 'Chips et Biscuit Apéritif']",Weight Watchers,True,False,false,1.0,MONTH,70g,[],https://courses.monoprix.fr/images-v3/0c44253f-c4a3-4340-9d37-d41e42b9d14a/27942b14-71ad-405d-a9b7-47c2593ade36/300x300.jpg
Régimes alimentaires,93053e0e-e0bd-43b9-98c8-5f008167ab84,MPX_3526134,Fleury Michon Saucisson de Dinde Halal 100g,3.45,34.5,"['Charcuterie et Traiteur', 'Charcuterie', 'Charcuterie de volaille', 'Blanc de volaille']",Fleury Michon,True,False,false,4.0,WEEK,100g,['Produit halal'],https://courses.monoprix.fr/images-v3/0c44253f-c4a3-4340-9d37-d41e42b9d14a/727ef9c6-af02-4307-a60f-0ff6e1646de0/300x300.jpg
Régimes alimentaires,d20e6323-56c2-49e1-a042-352f964f2bf7,MPX_3500804,Monoprix Bio Boisson à l'épeautre 1L,2.99,2.99,"['Bio', 'Boisson et Cave bio', 'Boisson végétale bio']",Monoprix Bio,True,False,false,2.0,MONTH,1L,['Produit bio'],https://courses.monoprix.fr/images-v3/0c44253f-c4a3-4340-9d37-d41e42b9d14a/43bd3b27-0421-4bb1-b792-c1f00bce1752/300x300.jpg
Régimes alimentaires,2fc80bb0-edfd-4842-b2f0-aaae38e8c341,MPX_6574394,Liv Happy Food sticky rice de konjac et riz 200g,3.99,19.95,"['Régimes alimentaires', 'Sans gluten', 'Féculent sans gluten']",Liv Happy Food,True,False,false,2.0,MONTH,200g,[],https://courses.monoprix.fr/images-v3/0c44253f-c4a3-4340-9d37-d41e42b9d14a/417c3942-6da3-4e33-b45b-b345989c38ae/300x300.jpg
Régimes alimentaires,6dcc4ae8-dcc4-4d1d-9650-902211805e7a,MPX_6672824,Nestlé Lindahls Pro+ Pêche & Passion 2x160g,2.89,9.03,"['Régimes alimentaires', 'Nutrition et Minceur', 'Protéines et Encas pour sportifs']",Lindahls,True,False,false,1.0,WEEK,2 x 160g,[],https://courses.monoprix.fr/images-v3/0c44253f-c4a3-4340-9d37-d41e42b9d14a/ea052692-3d3a-43c9-ad05-c37dffe87b46/300x300.jpg
Régimes alimentaires,c7188c20-ef27-4f20-81f5-8d610000658a,MPX_6718290,Accro Saucisses 100% végétal frais 200g,4.59,22.95,"['Régimes alimentaires', 'Végétal', 'Protéine végétale']",ACCRO,True,False,false,1.0,WEEK,200g,['Produit vegan'],https://courses.monoprix.fr/images-v3/0c44253f-c4a3-4340-9d37-d41e42b9d14a/36c19303-0cc3-4bcb-be8d-15a5c8b3f75b/300x300.jpg
Régimes alimentaires,1619ae29-9c69-4aac-9198-b9566605f1f7,MPX_1038023,Gerblé Barres Aux Amandes 150g,3.79,25.27,"['Régimes alimentaires', 'Nutrition et Minceur', 'Protéines et Encas pour sportifs']",Gerblé,True,False,false,2.0,MONTH,150g,[],https://courses.monoprix.fr/images-v3/0c44253f-c4a3-4340-9d37-d41e42b9d14a/f257ad4d-0751-48a2-be8a-cc8f6750815e/300x300.jpg
Régimes alimentaires,99e0d941-daa7-47f0-958c-d91eba2e907f,MPX_6612807,Fleury Michon Blanc de Dinde Halal  x4 Tranches 130g,3.79,29.15,"['Charcuterie et Traiteur', 'Charcuterie', 'Charcuterie de volaille']",Fleury michon,True,False,false,1.0,WEEK,130g,['Produit halal'],https://courses.monoprix.fr/images-v3/0c44253f-c4a3-4340-9d37-d41e42b9d14a/7c12a938-d929-493a-97ff-fc55d52568b9/300x300.jpg
Régimes alimentaires,522ac372-0e26-4f5a-b0fd-d5cf53f2470a,MPX_3058655,Ghau Shiratakis Konjac Ss Rincage 160G,2.75,17.19,"['Régimes alimentaires', 'Nutrition et Minceur', 'Repas et Encas Minceur']",Gayelord Hauser,True,False,false,1.0,MONTH,160g,[],https://courses.monoprix.fr/images-v3/0c44253f-c4a3-4340-9d37-d41e42b9d14a/f1b9c3ac-6e0f-4e97-b2f6-74785e6a1245/300x300.jpg
Régimes alimentaires,c944c2af-072a-424c-a88a-b254e766a132,MPX_13014,Bjorg Pur Jus De Carotte Bio 75Cl,2.99,3.99,"['Bio', 'Boisson et Cave bio', 'Jus bio']",Bjorg,True,False,false,1.0,MONTH,75cl,[],https://courses.monoprix.fr/images-v3/0c44253f-c4a3-4340-9d37-d41e42b9d14a/e6e935e2-dc3a-45b6-b04b-339f5467fbc1/300x300.jpg
Régimes alimentaires,75fc6a0d-56fc-4fd9-aebf-8784c1a9b02f,MPX_5447238,Nurishh Gran Vegiano 150g,3.15,21.0,"['Produits Laitiers, Œufs et Fromages', 'Fromages à cuisiner, raclettes et apéritifs', 'Fromages râpés']",NURISHH,True,False,false,1.0,MONTH,150g,[],https://courses.monoprix.fr/images-v3/0c44253f-c4a3-4340-9d37-d41e42b9d14a/f497d763-cf2e-4876-af1e-ddb6274207da/300x300.jpg
Régimes alimentaires,143cb703-2ec6-45a5-b8b3-7c5077b7ea47,MPX_2835980,Ayam Sauce d'Huître Sans Gluten & conservateurs 210ml,3.65,17.38,"['Produits du monde', 'Asie 亚洲', 'Sauce soja, Nems et Nuoc mam']",Ayam,True,False,false,2.0,MONTH,210ml,[],https://courses.monoprix.fr/images-v3/0c44253f-c4a3-4340-9d37-d41e42b9d14a/4561140b-0a75-4d3f-ac93-d974d0504517/300x300.jpg
Régimes alimentaires,485e5d0c-6410-45fb-8726-7cb41a0ad457,MPX_3847575,Thon Å L'Huile D'Olive El Manar 160 g,4.39,27.44,"['Régimes alimentaires', 'Casher', 'Epicerie Salée et Sucrée']",Autre Marque,True,False,false,2.0,MONTH,160g,[],https://courses.monoprix.fr/images-v3/0c44253f-c4a3-4340-9d37-d41e42b9d14a/27320dbf-0321-4cf9-ad37-f86e845cfed8/300x300.jpg
Régimes alimentaires,a5ed0738-b910-448b-a676-15b0789ce30c,MPX_3886836,Gerlinéa Crousti Barres De Céréales Abricot Noisette 93G,3.75,40.32,"['Régimes alimentaires', 'Nutrition et Minceur', 'Biscuit diététique']",Gerlinéa,True,False,false,2.0,MONTH,93g,[],https://courses.monoprix.fr/images-v3/0c44253f-c4a3-4340-9d37-d41e42b9d14a/c6480fe3-6ec3-4d2a-9551-2defbef88f7a/300x300.jpg
Régimes alimentaires,41c79456-87e0-4175-a5f4-b3300febcc82,MPX_3022104,"Gerblé Genoise Chocolat Orange, Sans Sucres 140G",4.15,29.64,"['Bio', 'Epicerie sucrée bio', 'Biscuit bio']",Gerblé,True,False,false,1.0,MONTH,140g,[],https://courses.monoprix.fr/images-v3/0c44253f-c4a3-4340-9d37-d41e42b9d14a/cc96277c-e90a-4743-a01f-ad4ba83a4ed6/300x300.jpg
Régimes alimentaires,25b7b73f-8339-4213-8733-f3b72ee52d58,MPX_3255342,Monoprix Boisson Végétale Amande 1L,1.85,1.85,"['Régimes alimentaires', 'Végétal', 'Boisson végétale']",Monoprix,True,False,false,2.0,MONTH,1L,[],https://courses.monoprix.fr/images-v3/0c44253f-c4a3-4340-9d37-d41e42b9d14a/7aa84b83-d441-45ac-81fd-c9b37e0bb835/300x300.jpg
Régimes alimentaires,25830861-3293-411b-bca9-498e8a2841dc,MPX_2665429,Jardin Bio Tartines Sarrasin Gluten Free 150G,3.29,21.93,"['Bio', 'Pain et Galette de riz bio', 'Pain et Biscotte bio']",Léa Nature Jardin Bio,True,False,false,6.0,MONTH,150g,['Produit bio'],https://courses.monoprix.fr/images-v3/0c44253f-c4a3-4340-9d37-d41e42b9d14a/94f985d8-adf5-4c1d-8ac9-1e1085fc5c9f/300x300.jpg
Régimes alimentaires,c0918c97-4a38-4080-aa2d-626395ca1d0e,MPX_3292743,Tipiak Couscous Parfumé Aux Epices Du Monde 510G,3.19,6.25,"['Nos sélections', 'Inspiration du moment', '& Barbecue', 'Epicerie salée']",Tipiak,True,False,false,2.0,MONTH,510g,"['Produit halal', 'Produit vegan', 'Produit casher']",https://courses.monoprix.fr/images-v3/0c44253f-c4a3-4340-9d37-d41e42b9d14a/01b2f54b-2969-4dae-821b-5a99cbdffce3/300x300.jpg
Régimes alimentaires,1adcb7a7-870e-467b-b681-274118d6ace6,MPX_2650635,Alpro Boisson Végétale Soja 1l,2.25,2.25,"['Régimes alimentaires', 'Végétal', 'Boisson végétale']",Alpro,True,False,false,2.0,MONTH,1L,[],https://courses.monoprix.fr/images-v3/0c44253f-c4a3-4340-9d37-d41e42b9d14a/7ec81cee-4c28-414a-a896-84521ed431f0/300x300.jpg
Régimes alimentaires,ce6e2cc4-3c33-4aa6-ab5f-9f57cd9ebbc1,MPX_3636850,Andros végétal framboise& lait de coco 4x100g,2.99,7.48,"['Produits Laitiers, Œufs et Fromages', 'Yaourts', 'Yaourts aromatisés et aux fruits']",ANDROS GOURMAND ET VEGETAL,True,False,false,1.0,WEEK,4 x 100g,['Produit vegan'],https://courses.monoprix.fr/images-v3/0c44253f-c4a3-4340-9d37-d41e42b9d14a/2b1a7d5c-074e-41b7-8d78-c635bbb9faf0/300x300.jpg
Régimes alimentaires,f9d83eb7-293b-4447-8840-58d17dc80422,MPX_3705792,Monoprix Bio Soja Cuisine en brique 3 x 20cl,3.45,5.75,"['Bio', 'Crèmerie bio', 'Crème bio']",Monoprix Bio,True,False,false,2.0,MONTH,3 x 20cl,[],https://courses.monoprix.fr/images-v3/0c44253f-c4a3-4340-9d37-d41e42b9d14a/6faa9604-5227-470e-aab9-ba4c80e1a683/300x300.jpg
Régimes alimentaires,92385e27-451d-49e9-aa17-5e3d90a1c05f,MPX_800629,Bjorg Lait d'Amande Intense Bio 1L,3.95,3.95,"['Bio', 'Boisson et Cave bio', 'Boisson végétale bio']",Bjorg,True,False,false,1.0,MONTH,1L,['Produit bio'],https://courses.monoprix.fr/images-v3/0c44253f-c4a3-4340-9d37-d41e42b9d14a/3c18395d-617b-4d7c-aa53-875923dadfe8/300x300.jpg
Régimes alimentaires,fa87659f-0483-414d-a211-081071c2e1d5,MPX_2753519,"Céréal Bio Ravioli Tomates, Tofu & Basilic Sans Viande 267g",2.69,10.07,"['Régimes alimentaires', 'Vegan', 'Epicerie salée vegan']",Céréal bio,True,False,false,2.0,MONTH,267g,"['Produit vegan', 'Produit bio']",https://courses.monoprix.fr/images-v3/0c44253f-c4a3-4340-9d37-d41e42b9d14a/f9f9b1d3-95c1-4a79-b07b-dd1e867a8d13/300x300.jpg
Régimes alimentaires,7afcd117-5c1c-4dc2-9819-9ab7254f0da6,MPX_5478640,La Vie Lardon Végétaux Fume 150 g,3.85,25.67,"['Régimes alimentaires', 'Végétal', 'Protéine végétale']",La vie,True,False,false,1.0,WEEK,150g,[],https://courses.monoprix.fr/images-v3/0c44253f-c4a3-4340-9d37-d41e42b9d14a/a3e27b86-776e-4603-8c40-26a65c58f65c/300x300.jpg
Régimes alimentaires,051f24d4-13c3-49cf-8ab4-95bee1741f6c,MPX_736236,Sojasun Dessert Végétal Chocolat 4x100g,2.05,5.13,"['Régimes alimentaires', 'Vegan', 'Dessert vegan']",Sojasun,True,False,false,1.0,WEEK,4 x 100g,[],https://courses.monoprix.fr/images-v3/0c44253f-c4a3-4340-9d37-d41e42b9d14a/5988ad6a-f04a-4f17-87d6-c1d68de05074/300x300.jpg
Régimes alimentaires,e12ddf05-5eda-4b54-ae77-102abf21254c,MPX_1258560,"Gerblé Biscuits raisins, riche en germe de blé 270g",2.65,9.81,"['Epicerie Sucrée', 'Biscuit Sec', 'Biscuit allégé']",Gerblé,True,False,false,2.0,MONTH,270g,[],https://courses.monoprix.fr/images-v3/0c44253f-c4a3-4340-9d37-d41e42b9d14a/983038dc-5bb4-40d3-aff2-20e346934366/300x300.jpg
Régimes alimentaires,047bc854-8dee-464c-b0d7-7dd21db411a9,MPX_798483,Ebly Blé Cuisson 10 minutes 500g,2.49,4.98,"['Régimes alimentaires', 'Vegan', 'Epicerie salée vegan']",Ebly,True,False,false,1.0,YEAR,500g,[],https://courses.monoprix.fr/images-v3/0c44253f-c4a3-4340-9d37-d41e42b9d14a/8c7c787d-963e-46c2-a890-2d61734cffab/300x300.jpg
Régimes alimentaires,e6177174-9e8f-4a05-a52c-150d14d77801,MPX_2379816,"Bjorg Boulghour, Quinoa Et Sésame, Bio 250G",2.45,9.8,"['Epicerie Salée', 'Pâte, Riz, Céréale et Purée', 'Pâte, Riz, Purée et Légume sec bio']",Bjorg,True,False,false,2.0,MONTH,250g,['Produit bio'],https://courses.monoprix.fr/images-v3/0c44253f-c4a3-4340-9d37-d41e42b9d14a/39afb0e0-f517-45fe-bd47-a23e0f1b70b9/300x300.jpg
Régimes alimentaires,4ab4365d-8c18-4c30-a325-1bb4d13c5275,MPX_4263589,Garden Gourmet Escalope Soja & Blé 180G,3.69,20.5,"['Régimes alimentaires', 'Végétal', 'Protéine végétale']",Garden Gourmet,True,False,false,1.0,WEEK,180g,['Produit vegan'],https://courses.monoprix.fr/images-v3/0c44253f-c4a3-4340-9d37-d41e42b9d14a/80ce4608-0b35-4826-a52c-2f8758389d32/300x300.jpg
Régimes alimentaires,67bd1126-4fa1-4187-ba6e-eed07b012639,MPX_3268679,Old El Paso Tortillas Extra Moelleuses Original Sans Gluten 216g,3.49,16.16,"['Produits du monde', 'Mexique - México', 'Tortilla et Wrap']",Old el Paso,True,False,false,2.0,MONTH,216g,['Produit vegan'],https://courses.monoprix.fr/images-v3/0c44253f-c4a3-4340-9d37-d41e42b9d14a/54d3def4-56db-424a-960c-9fed8155dcff/300x300.jpg
Régimes alimentaires,e2d808de-c4d1-41eb-9124-e12fb465c79a,MPX_6679580,Oatly Boisson à l'Avoine Sans Sucres 1L,2.89,2.89,"['Régimes alimentaires', 'Végétal', 'Boisson végétale']",Oatly,True,False,false,2.0,MONTH,1L,[],https://courses.monoprix.fr/images-v3/0c44253f-c4a3-4340-9d37-d41e42b9d14a/d4de477a-b096-43a6-a869-b00ef8622aca/300x300.jpg
Régimes alimentaires,e9118a01-8ed7-45a0-b540-72f624b5f467,MPX_3418074,Andros Gourmand Mousse Au Chocolat Au Lait De Coco 4x55g,3.59,16.32,"['Produits Laitiers, Œufs et Fromages', 'Desserts', 'Mousses et Liégeois']",Andros,True,False,false,1.0,WEEK,220g,['Produit vegan'],https://courses.monoprix.fr/images-v3/0c44253f-c4a3-4340-9d37-d41e42b9d14a/27196367-0141-4078-a2d1-16089446744a/300x300.jpg
Régimes alimentaires,88e7c7a3-da50-4394-8c5c-ae02002442bd,MPX_2368549,Bjorg Lait d'Amande Bio 1L,3.59,3.59,"['Bio', 'Boisson et Cave bio', 'Boisson végétale bio']",Bjorg,True,False,false,1.0,MONTH,1L,['Produit bio'],https://courses.monoprix.fr/images-v3/0c44253f-c4a3-4340-9d37-d41e42b9d14a/9d6be5b9-bf00-449e-8063-0ae564cdae60/300x300.jpg
Régimes alimentaires,8d8e5615-318d-416f-b9ae-6ba2786ff1de,MPX_1035498,Powerade Ice Storm boisson sport 50cl,1.39,2.78,"['Nos sélections', 'Inspiration du moment', '& Kit du sportif', 'Boisson']",Powerade,True,False,false,1.0,MONTH,50cl,[],https://courses.monoprix.fr/images-v3/0c44253f-c4a3-4340-9d37-d41e42b9d14a/ed639655-b965-4a7e-bc9b-ff2cb141a9b0/300x300.jpg
Régimes alimentaires,e63dbbc9-1bb0-400c-bacc-ddf8cf62bd3a,MPX_16598,Gerblé Biscuits figue et son 210g,1.99,9.48,"['Epicerie Sucrée', 'Biscuit Sec', 'Biscuit allégé']",Gerblé,True,False,false,2.0,MONTH,210g,[],https://courses.monoprix.fr/images-v3/0c44253f-c4a3-4340-9d37-d41e42b9d14a/db693af5-9763-4fe3-9e2b-d71382a85671/300x300.jpg
Régimes alimentaires,bcb169e0-4b1e-4897-8b87-a983ca376cbf,MPX_16595,Gerblé Goûter aux pépites de chocolat 250g,2.25,9.0,"['Epicerie Sucrée', 'Biscuit Sec', 'Biscuit allégé']",Gerblé,True,False,false,2.0,MONTH,250g,[],https://courses.monoprix.fr/images-v3/0c44253f-c4a3-4340-9d37-d41e42b9d14a/f9baffae-1bba-4bf4-a283-00aa2255d418/300x300.jpg
Régimes alimentaires,af2e5db8-bbba-44d8-a873-4cc58ae621c0,MPX_2740988,Croustipate Pâte feuilletée sans gluten 280g,3.69,13.18,"['Régimes alimentaires', 'Sans gluten', 'Repas sans gluten']",Croustipate,True,False,false,1.0,WEEK,280g,[],https://courses.monoprix.fr/images-v3/0c44253f-c4a3-4340-9d37-d41e42b9d14a/94c4a7a2-eef5-477b-a71f-8af4eb11bb3f/300x300.jpg
Régimes alimentaires,35f57fc6-3462-4d11-b70a-0cc372593450,MPX_2160477,Bjorg Boisson Végétale Épeautre Noisette Bio 1L,4.29,4.29,"['Bio', 'Boisson et Cave bio', 'Boisson végétale bio']",Bjorg,True,False,false,1.0,MONTH,1L,['Produit bio'],https://courses.monoprix.fr/images-v3/0c44253f-c4a3-4340-9d37-d41e42b9d14a/db7b51da-f766-43bc-8fcb-d40c7a7775f2/300x300.jpg
Régimes alimentaires,2f34e699-baad-4469-8876-2e293d5f02a3,MPX_812273,Sojasun Dessert Végétal Saveur Vanille 4x100g,2.05,5.13,"['Produits Laitiers, Œufs et Fromages', 'Yaourts', 'Yaourts aromatisés et aux fruits']",Sojasun,True,False,false,1.0,WEEK,4 x 100g,[],https://courses.monoprix.fr/images-v3/0c44253f-c4a3-4340-9d37-d41e42b9d14a/0456c950-8ba7-4902-a94b-84fb9c8b0e7f/300x300.jpg
Régimes alimentaires,4a2eb8b2-63fb-4fbe-a4fd-b7e4867c7442,MPX_2337734,"Gerblé Cookie Cacao Pépites, Sans Sucres Ajoutés 130G",3.69,28.38,"['Epicerie Sucrée', 'Biscuit Sec', 'Biscuit allégé']",Gerblé,True,False,false,1.0,MONTH,130g,[],https://courses.monoprix.fr/images-v3/0c44253f-c4a3-4340-9d37-d41e42b9d14a/f094959b-2cba-4cc4-a328-c1d4718dd167/300x300.jpg
Régimes alimentaires,aa4cec0e-5418-4b4b-b6df-4dea85e5006f,MPX_56589,Bjorg Boisson Végétale Soja Vanille Bio 1L,3.19,3.19,"['Bio', 'Boisson et Cave bio', 'Boisson végétale bio']",Bjorg,True,False,false,2.0,MONTH,1L,['Produit bio'],https://courses.monoprix.fr/images-v3/0c44253f-c4a3-4340-9d37-d41e42b9d14a/84655012-eb4b-4d7e-907a-0b954ab972dd/300x300.jpg
Régimes alimentaires,99a2f4a4-3714-4995-b9f4-413829fbaf45,MPX_6113353,Alpro Boisson Végétale Avoine 1L,2.89,2.89,"['Régimes alimentaires', 'Végétal', 'Boisson végétale']",Alpro,True,False,false,2.0,MONTH,1L,[],https://courses.monoprix.fr/images-v3/0c44253f-c4a3-4340-9d37-d41e42b9d14a/6ad11b18-5160-4966-a212-64a72cb8aea7/300x300.jpg
Régimes alimentaires,e13731f1-2468-45ac-8a25-72e90b32fd1a,MPX_3305889,Alpro Dessert Végétal Soja Nature Noix De Coco 500g,2.39,4.78,"['Régimes alimentaires', 'Vegan', 'Dessert vegan']",Alpro,True,False,false,1.0,WEEK,500g,[],https://courses.monoprix.fr/images-v3/0c44253f-c4a3-4340-9d37-d41e42b9d14a/aa32e634-850c-45ac-8600-8ba4615fcd31/300x300.jpg
Régimes alimentaires,60af8a92-fc8c-417d-aaa8-4305f799bc81,MPX_1274678,Gerblé Biscuits pomme noisette avec -62% de sucres 230g,2.25,9.78,"['Epicerie Sucrée', 'Biscuit Sec', 'Biscuit allégé']",Gerblé,True,False,false,2.0,MONTH,230g,[],https://courses.monoprix.fr/images-v3/0c44253f-c4a3-4340-9d37-d41e42b9d14a/104aea59-5b11-4c25-9480-d1e8fc0095ef/300x300.jpg
Régimes alimentaires,f0d071be-735d-464b-ad1b-795b059c6406,MPX_2650633,Alpro Boisson Végétale Lait D'Amande Grillée 1L,2.89,2.89,"['Régimes alimentaires', 'Végétal', 'Boisson végétale']",Alpro,True,False,false,2.0,MONTH,1L,[],https://courses.monoprix.fr/images-v3/0c44253f-c4a3-4340-9d37-d41e42b9d14a/58200ebe-01b7-4236-8865-57f1061fe209/300x300.jpg
Régimes alimentaires,74ef0ca2-3515-4b60-974f-7feeb0cddfb2,MPX_2535514,"Céréal Bio Blé, riz rouge, quinoa au naturel, bio 220g",3.35,15.23,"['Epicerie Salée', 'Pâte, Riz, Céréale et Purée', 'Pâte, Riz, Purée et Légume sec bio']",Céréal bio,True,False,false,2.0,MONTH,220g,"['Produit vegan', 'Produit bio']",https://courses.monoprix.fr/images-v3/0c44253f-c4a3-4340-9d37-d41e42b9d14a/0f04dd2c-0804-41d8-9716-aa219baff1e7/300x300.jpg
Régimes alimentaires,d101c1f1-bcca-4341-a928-93035c7df2cc,MPX_1848654,Sojasun Dessert Végétal Noisettes Amandes 4x100g,1.99,4.98,"['Régimes alimentaires', 'Vegan', 'Dessert vegan']",Sojasun,True,False,false,1.0,WEEK,4 x 100g,[],https://courses.monoprix.fr/images-v3/0c44253f-c4a3-4340-9d37-d41e42b9d14a/e903dabe-e096-49bc-b9a6-b88eef065580/300x300.jpg
Régimes alimentaires,c4413d85-057a-41e0-8b6a-a9331f8bebd9,MPX_6567033,Accro nugget vegetal 180g,3.55,19.72,"['Boucherie et Volaille', 'Protéines végétales']",Accro,True,False,false,1.0,WEEK,180g,['Produit végétarien'],https://courses.monoprix.fr/images-v3/0c44253f-c4a3-4340-9d37-d41e42b9d14a/81c6c43e-efa2-41e4-8ad9-7dd711e1ecec/300x300.jpg
Régimes alimentaires,fd47ba42-b699-474c-a6cf-f26de5c215f6,MPX_3729900,Beyond Meat Beyond Burger 2x113g,4.99,21.98,"['Régimes alimentaires', 'Végétal', 'Protéine végétale']",Beyond meat,True,False,false,3.0,DAY,227g,[],https://courses.monoprix.fr/images-v3/0c44253f-c4a3-4340-9d37-d41e42b9d14a/85a4f8a0-3b45-4a3f-ac36-15f28e55ae52/300x300.jpg
Régimes alimentaires,1aad1cc1-4e4d-4a1b-ae20-e48502d14935,MPX_3292440,Nakd Barres Aux Cacahuètes 4X35G,3.99,28.5,"['Régimes alimentaires', 'Sans gluten', 'Biscuit, Gâteau sans gluten']",NAKD,True,False,false,2.0,MONTH,140g,['Produit vegan'],https://courses.monoprix.fr/images-v3/0c44253f-c4a3-4340-9d37-d41e42b9d14a/06679797-2540-444d-b7e4-039667b47373/300x300.jpg
Régimes alimentaires,fe6ceeeb-7f11-4890-a406-db48e819dbbc,MPX_1776065,Daco Bello Amandes Décortiquées 125 g,3.99,31.92,"['Epicerie Salée', 'Produit apéritif', 'Cacahuète, Noix, Amande et Pistache', 'Amande et Pistache']",Daco Bello,True,False,false,2.0,MONTH,125g,[],https://courses.monoprix.fr/images-v3/0c44253f-c4a3-4340-9d37-d41e42b9d14a/c5b87e7d-f200-4144-bfd4-5adb962326af/300x300.jpg
Régimes alimentaires,19f0f209-4726-451b-b23b-1802149a1565,MPX_1804223,Sojasun Spécialité Au Soja Et Myrtilles 4x100g,1.99,4.98,"['Régimes alimentaires', 'Vegan', 'Dessert vegan']",Sojasun,True,False,false,1.0,WEEK,4 x 100g,[],https://courses.monoprix.fr/images-v3/0c44253f-c4a3-4340-9d37-d41e42b9d14a/e606a8c4-09e6-4120-8e57-40690fd1e9a6/300x300.jpg
Régimes alimentaires,e60b2d92-37df-43a4-bb67-45e9fc0a236e,MPX_3729418,"Hari&Co Galettes De Lentilles Vertes Bio Courgettes Menthe, Protéine Vég-Étale 85G",4.99,29.35,"['Epicerie Salée', 'Produit apéritif', 'Feuilleté, Petit Four, Cake et Bouchée', 'Feuilleté et Petit Four']",HARI&CO,True,False,false,1.0,WEEK,170g,"['Produit végétarien', 'Produit vegan', 'Produit bio']",https://courses.monoprix.fr/images-v3/0c44253f-c4a3-4340-9d37-d41e42b9d14a/db879b0c-b3fd-4f43-af01-1034f1e4e72e/300x300.jpg
Régimes alimentaires,2d134139-a6ab-4e2a-8e31-0b3e5c521277,MPX_2076028,Sojasun Spécialité au soja nature 12x100g,3.79,3.16,"['Produits Laitiers, Œufs et Fromages', 'Yaourts', 'Yaourts natures']",Sojasun,True,False,false,1.0,WEEK,12 x 100g,['Produit végétarien'],https://courses.monoprix.fr/images-v3/0c44253f-c4a3-4340-9d37-d41e42b9d14a/ccf194a8-aa63-4f5d-a8ae-d2c0b28dd67e/300x300.jpg
Régimes alimentaires,656b8d7f-6e5f-465f-8039-d177c7dbae13,MPX_3778641,Alpro Dessert Végétal Nature Aux Amandes Soja 500g,2.39,4.78,"['Régimes alimentaires', 'Vegan', 'Dessert vegan']",Alpro,True,False,false,1.0,WEEK,500g,[],https://courses.monoprix.fr/images-v3/0c44253f-c4a3-4340-9d37-d41e42b9d14a/3eb8cd0f-6366-46b2-b0b4-a399e888664c/300x300.jpg
Régimes alimentaires,c3d419fd-ff7e-4b7a-bfbe-a8de57fafdab,MPX_1738054,Bjorg Lentilles & carottes bio 250g,2.95,11.8,"['Epicerie Salée', 'Pâte, Riz, Céréale et Purée', 'Pâte, Riz, Purée et Légume sec bio']",Bjorg,True,False,false,2.0,MONTH,250g,['Produit bio'],https://courses.monoprix.fr/images-v3/0c44253f-c4a3-4340-9d37-d41e42b9d14a/f76d61fd-4a56-4d64-867c-0d80dfdc3b99/300x300.jpg
Régimes alimentaires,f4c466af-ad79-4ba4-a42e-f1fbb8f5a153,MPX_3729493,"Hari&Co Boulettes De Pois Chiches Bio Patate Douce Curcuma, Protéine Vég-Étale 180G",4.99,27.72,"['Charcuterie et Traiteur', 'Traiteur végétal', 'Traiteur végétal']",HARI&CO,True,False,false,1.0,WEEK,180g,"['Produit vegan', 'Produit bio']",https://courses.monoprix.fr/images-v3/0c44253f-c4a3-4340-9d37-d41e42b9d14a/a1ffc204-e464-4aa7-b6eb-645703b72a86/300x300.jpg
Régimes alimentaires,128b28d9-f344-45f5-b7e3-687e0840e933,MPX_2753518,"Céréal Bio Lentilles, Riz & Soja Sans Viande 250g",3.15,12.6,"['Epicerie Salée', 'Pâte, Riz, Céréale et Purée', 'Pâte, Riz, Purée et Légume sec bio']",Céréal bio,True,False,false,2.0,MONTH,250g,"['Produit vegan', 'Produit bio']",https://courses.monoprix.fr/images-v3/0c44253f-c4a3-4340-9d37-d41e42b9d14a/ea285352-7b75-40b8-814d-136ad6c28739/300x300.jpg
Régimes alimentaires,98358a88-4ef8-4f91-8f27-51d43ce27319,MPX_4123787,Happyvore merguez végétale x4 200g,4.59,22.95,"['Régimes alimentaires', 'Végétal', 'Protéine végétale']",Happyvore,True,False,false,5.0,DAY,200g,[],https://courses.monoprix.fr/images-v3/0c44253f-c4a3-4340-9d37-d41e42b9d14a/3cd6b125-fd64-4a64-99ed-6db7e1e19ff5/300x300.jpg
Régimes alimentaires,79f69d1a-9dbc-48eb-a06a-fa6234618183,MPX_3859686,Herta Knacki saucisses végétales x4,2.19,15.64,"['Régimes alimentaires', 'Végétal', 'Protéine végétale']",HERTA,True,False,false,1.0,WEEK,140g,[],https://courses.monoprix.fr/images-v3/0c44253f-c4a3-4340-9d37-d41e42b9d14a/ef38f9e5-ec25-41d0-8daa-27fc240a7125/300x300.jpg
Régimes alimentaires,f3a2c150-e36b-45e5-a72d-44d4aaf34c53,MPX_1490110,Céréale Bio doy boulghour 250gr,2.69,10.76,"['Epicerie Salée', 'Pâte, Riz, Céréale et Purée', 'Pâte, Riz, Purée et Légume sec bio']",Cereal Bio,True,False,false,2.0,MONTH,250g,"['Produit vegan', 'Produit bio']",https://courses.monoprix.fr/images-v3/0c44253f-c4a3-4340-9d37-d41e42b9d14a/b9654244-e493-4887-bf21-c21375d0394a/300x300.jpg
Régimes alimentaires,482c97bc-1b8f-49b1-99b5-b89d462b0af0,MPX_5447206,Atelier Blini Falafels Pois Chiches 120g,3.59,29.92,"['Charcuterie et Traiteur', 'Traiteur végétal', 'Traiteur végétal']",Atelier Blini,True,False,false,1.0,WEEK,120g,[],https://courses.monoprix.fr/images-v3/0c44253f-c4a3-4340-9d37-d41e42b9d14a/9d68a05d-8c6c-4145-8c71-adbd21ad6c7f/300x300.jpg
Régimes alimentaires,3f10bf11-9d11-47b9-a125-5ab0d83c2a3f,MPX_3537031,Andros Riz Au Lait De Coco Vanille Vegetal 400G,3.79,9.48,"['Produits Laitiers, Œufs et Fromages', 'Desserts', 'Flan, Riz et Semoules']",ANDROS GOURMAND ET VEGETAL,True,False,false,1.0,WEEK,400g,['Produit vegan'],https://courses.monoprix.fr/images-v3/0c44253f-c4a3-4340-9d37-d41e42b9d14a/2bbd7801-acb2-4a77-ae0c-855346be17be/300x300.jpg
Régimes alimentaires,23434d38-3484-495a-9cab-991df0d4456f,MPX_1818616,Bjorg Veggie Quinoa Lentilles Bio 250g,3.09,12.36,"['Epicerie Salée', 'Pâte, Riz, Céréale et Purée', 'Pâte, Riz, Purée et Légume sec bio']",Bjorg,True,False,false,1.0,MONTH,250g,['Produit bio'],https://courses.monoprix.fr/images-v3/0c44253f-c4a3-4340-9d37-d41e42b9d14a/27d48669-bb9d-4221-86b5-48b6a2111780/300x300.jpg
Régimes alimentaires,6c85d1ec-a7c8-4ef3-ad54-4034ba2625c1,MPX_4097097,ANDROS Gourmand & végétal Yaourt nature au lait de coco 4x100g,2.49,6.23,"['Produits Laitiers, Œufs et Fromages', 'Yaourts', 'Yaourts aromatisés et aux fruits']",ANDROS GOURMAND ET VEGETAL,True,False,false,2.0,WEEK,4 x 100g,['Produit vegan'],https://courses.monoprix.fr/images-v3/0c44253f-c4a3-4340-9d37-d41e42b9d14a/be8e46d7-0e67-4f29-b3fd-78191ae53cb0/300x300.jpg
Régimes alimentaires,2fdc556a-1525-4103-9af5-5adaba3d8358,MPX_3847565,Concentré de Tomates en tube 200g,1.95,9.75,"['Régimes alimentaires', 'Casher', 'Epicerie Salée et Sucrée']",Autre Marque,True,False,false,2.0,MONTH,200g,[],https://courses.monoprix.fr/images-v3/0c44253f-c4a3-4340-9d37-d41e42b9d14a/f21fa275-3bc6-4c07-9e3a-1240253e0c47/300x300.jpg
Régimes alimentaires,b4727273-41c1-4152-9e03-c3142a98d217,MPX_1678354,Bjorg Boisson Végétale Noisette Bio 1L,4.49,4.49,"['Bio', 'Boisson et Cave bio', 'Boisson végétale bio']",Bjorg,True,False,false,6.0,MONTH,1L,['Produit bio'],https://courses.monoprix.fr/images-v3/0c44253f-c4a3-4340-9d37-d41e42b9d14a/56d6da62-ec8a-497a-9b37-f8a7e9c3beb6/300x300.jpg
Régimes alimentaires,b8a1ccc2-2c9c-4e70-947a-246caaed8c72,MPX_6718591,Fleury Michon Tranches de lentilles corail x4 120g,2.69,22.42,"['Régimes alimentaires', 'Végétal', 'Protéine végétale']",Fleury michon,True,False,false,1.0,WEEK,120g,[],https://courses.monoprix.fr/images-v3/0c44253f-c4a3-4340-9d37-d41e42b9d14a/e278a5ce-6563-4e48-94ed-be83586c7577/300x300.jpg
Régimes alimentaires,eb3d8563-6a81-46f9-a9d7-12e92b3eb83c,MPX_2152264,Sojasun Dessert végétal café 4x100g,2.05,5.13,"['Produits Laitiers, Œufs et Fromages', 'Yaourts', 'Yaourts aromatisés et aux fruits']",Sojasun,True,False,false,1.0,WEEK,4 x 100g,['Produit végétarien'],https://courses.monoprix.fr/images-v3/0c44253f-c4a3-4340-9d37-d41e42b9d14a/fda00e9a-b8c4-42a4-9c69-25c8ba284494/300x300.jpg
Régimes alimentaires,5a5c038f-c567-400c-83d8-17016fac10e0,MPX_6621919,Gerblé sans sucre Cookie Chocolat saveur Noisette 130g,2.99,23.0,"['Régimes alimentaires', 'Nutrition et Minceur', 'Biscuit diététique']",Gerblé,True,False,false,2.0,MONTH,130g,[],https://courses.monoprix.fr/images-v3/0c44253f-c4a3-4340-9d37-d41e42b9d14a/71957079-7cd2-4c0e-b7df-6b8a75e6ff15/300x300.jpg
Régimes alimentaires,e50f032d-8f39-4b55-a2f4-a38dddd400c8,MPX_3292441,Nakd Barres aux framboise et noix de cajou 4x35g,3.99,28.5,"['Régimes alimentaires', 'Sans gluten', 'Biscuit, Gâteau sans gluten']",Nakd,True,False,false,2.0,MONTH,140g,['Produit vegan'],https://courses.monoprix.fr/images-v3/0c44253f-c4a3-4340-9d37-d41e42b9d14a/1a8dca91-64c0-488b-896f-2af85ff433df/300x300.jpg
Régimes alimentaires,8746188b-ed45-48fc-8a05-5119f888ee37,MPX_1935423,Daco Bello Pignons De Pin,6.99,69.9,"['Epicerie Salée', 'Produit apéritif', 'Cacahuète, Noix, Amande et Pistache', 'Amande et Pistache']",Daco Bello,True,False,false,2.0,MONTH,100g,[],https://courses.monoprix.fr/images-v3/0c44253f-c4a3-4340-9d37-d41e42b9d14a/2b39dda1-e7d7-43c5-bf60-ebdd06f17cb0/300x300.jpg
Régimes alimentaires,847ccebf-c4f5-4db0-a098-077e2dead965,MPX_1679176,Monoprix Dessert Spécialité Soja Au Chocolat 4X100G,1.39,3.48,"['Produits Laitiers, Œufs et Fromages', 'Yaourts', 'Yaourts aromatisés et aux fruits']",Monoprix,True,False,false,2.0,WEEK,4 x 100g,[],https://courses.monoprix.fr/images-v3/0c44253f-c4a3-4340-9d37-d41e42b9d14a/6331cfed-daf9-4a97-99b9-fd99f21bcd49/300x300.jpg
Régimes alimentaires,9401295b-c51e-402c-bd09-5518d6e3d029,MPX_6566599,Happyvore esc panees x2 180g,4.59,25.5,"['Régimes alimentaires', 'Végétal', 'Protéine végétale']",Happyvore,True,False,false,1.0,WEEK,180g,[],https://courses.monoprix.fr/images-v3/0c44253f-c4a3-4340-9d37-d41e42b9d14a/8376f213-1f96-48e6-a1ff-88d736aa1de5/300x300.jpg
Régimes alimentaires,84390f89-a232-425c-8fbe-a5e262c786fa,MPX_4206515,Heura Burger Originaux 220G,4.89,22.23,"['Charcuterie et Traiteur', 'Traiteur végétal', 'Traiteur végétal']",Heura,True,False,false,6.0,DAY,220g,[],https://courses.monoprix.fr/images-v3/0c44253f-c4a3-4340-9d37-d41e42b9d14a/9f270e5f-37e1-4d8a-b7a1-3b41518fabbd/300x300.jpg
Régimes alimentaires,83a59142-8357-449e-a473-d6dd474b79fb,MPX_6665440,Bonduelle mini croustis frenchy épinard courgette chèvre 240g,4.39,18.29,"['Régimes alimentaires', 'Végétal', 'Protéine végétale']",Bonduelle,True,False,false,6.0,MONTH,240g,['Produit congelé'],https://courses.monoprix.fr/images-v3/0c44253f-c4a3-4340-9d37-d41e42b9d14a/3ad785b8-274f-44be-8cac-a0a7ec4918b1/300x300.jpg
Régimes alimentaires,7fd4c5af-524c-4249-9604-b839f1d3d4cf,MPX_3010368,Alpro Boisson végétale soja sans sucres 1l,2.45,2.45,"['Régimes alimentaires', 'Végétal', 'Boisson végétale']",Alpro,True,False,false,2.0,MONTH,1L,['Produit végétarien'],https://courses.monoprix.fr/images-v3/0c44253f-c4a3-4340-9d37-d41e42b9d14a/ae21814f-e61a-43d3-90e6-8c612b6fbb76/300x300.jpg
Régimes alimentaires,aeac51bb-18d3-4e47-b16f-f4170bcbae70,MPX_3255344,Monoprix Boisson Végétale Riz 1l,1.85,1.85,"['Régimes alimentaires', 'Végétal', 'Boisson végétale']",Monoprix,True,False,false,2.0,MONTH,1L,[],https://courses.monoprix.fr/images-v3/0c44253f-c4a3-4340-9d37-d41e42b9d14a/16c1c85a-7564-4a1a-b72e-6b1a0468d68c/300x300.jpg
Régimes alimentaires,ad0bf5e7-0831-42ec-9d1f-960959b8594c,MPX_2852218,Garden Gourmet Boulettes aux Légumes 200g,4.29,21.45,"['Régimes alimentaires', 'Végétal', 'Protéine végétale']",GARDEN GOURMET,True,False,false,1.0,WEEK,200g,[],https://courses.monoprix.fr/images-v3/0c44253f-c4a3-4340-9d37-d41e42b9d14a/81430af9-3d3c-4ec2-ac71-07ac062e7cef/300x300.jpg
Régimes alimentaires,37da88e3-845b-4c42-929a-faf4c23b9439,MPX_3405093,Garden Gourmet Le Classique Soja et Blé 150g,3.19,21.27,"['Régimes alimentaires', 'Végétal', 'Protéine végétale']",GARDEN GOURMET,True,False,false,1.0,WEEK,150g,['Produit végétarien'],https://courses.monoprix.fr/images-v3/0c44253f-c4a3-4340-9d37-d41e42b9d14a/352502d1-efd5-491e-bfc9-c5a76c917cef/300x300.jpg
Régimes alimentaires,a40f37d3-75e7-4dc7-8bbd-e745e0e8cc6a,MPX_2307056,Gerblé Biscuit coco sans sucres 132g,3.39,25.68,"['Epicerie Sucrée', 'Biscuit Sec', 'Biscuit allégé']",Gerblé,True,False,false,2.0,MONTH,132g,[],https://courses.monoprix.fr/images-v3/0c44253f-c4a3-4340-9d37-d41e42b9d14a/8bcb9d5e-6194-46e1-914f-c15f29b8bf22/300x300.jpg
Régimes alimentaires,8c9d7c38-36b0-4141-bdc4-5276cb662262,MPX_2008839,Schär Pain Campagnard Sans Gluten 240G,5.29,22.04,"['Régimes alimentaires', 'Sans gluten', 'Petit déjeuner sans gluten']",Schar,True,False,false,1.0,MONTH,240g,[],https://courses.monoprix.fr/images-v3/0c44253f-c4a3-4340-9d37-d41e42b9d14a/e385c191-25f1-4bca-a97b-9087360af812/300x300.jpg
Régimes alimentaires,bc90b82d-5a81-4b84-8ce1-67d1eb220c1c,MPX_1685513,Ovomaltine Barres Énergétique Au Malt Et Au Chocolat 100g,3.49,34.9,"['Epicerie Sucrée', 'Céréale et Barre', 'Barre de céréales']",Ovomaltine,True,False,false,2.0,MONTH,100g,[],https://courses.monoprix.fr/images-v3/0c44253f-c4a3-4340-9d37-d41e42b9d14a/a9b02237-6b6d-42e3-b390-d332bd65a2ac/300x300.jpg
Régimes alimentaires,2a2c0419-06f5-4605-bf3e-2434c9720351,MPX_3636868,Alpro Dessert Végétal Soja Mangue Sans Sucres 400g,2.99,7.48,"['Régimes alimentaires', 'Vegan', 'Dessert vegan']",Alpro,True,False,false,1.0,WEEK,400g,[],https://courses.monoprix.fr/images-v3/0c44253f-c4a3-4340-9d37-d41e42b9d14a/feee1433-fe0d-436c-a8b7-fb6c8c4951ed/300x300.jpg
Régimes alimentaires,fa6dcfab-240f-4108-a53f-ed7ed4283b15,MPX_6676083,La Vie jambon végétal fumé 120g,3.99,33.25,"['Régimes alimentaires', 'Végétal', 'Protéine végétale']",La Vie,True,False,false,1.0,WEEK,120g,['Produit végétarien'],https://courses.monoprix.fr/images-v3/0c44253f-c4a3-4340-9d37-d41e42b9d14a/4bd88e5f-fc9e-4193-a429-539bd769e820/300x300.jpg
Régimes alimentaires,5461b0c8-c419-44a6-8e1f-311a1278d9d0,MPX_6676084,La Vie jambon végétal nature 120g,3.99,33.25,"['Régimes alimentaires', 'Végétal', 'Protéine végétale']",La Vie,True,False,false,1.0,WEEK,120g,['Produit végétarien'],https://courses.monoprix.fr/images-v3/0c44253f-c4a3-4340-9d37-d41e42b9d14a/f9e0608a-4cae-44e3-bf55-947b987077c1/300x300.jpg
Régimes alimentaires,0af9ef79-bdee-4d06-9b66-0bf182237453,MPX_16596,Gerblé Biscuits complets au germe de blé 210g,1.85,8.81,"['Epicerie Sucrée', 'Biscuit Sec', 'Biscuit allégé']",Gerblé,True,False,false,2.0,MONTH,210g,[],https://courses.monoprix.fr/images-v3/0c44253f-c4a3-4340-9d37-d41e42b9d14a/5742963e-6371-41aa-955d-bce47ece3ac8/300x300.jpg
Régimes alimentaires,1251923b-2b16-477a-bcdd-fbda965ec1fc,MPX_1247405,Daco Bello cerneaux de noix 125g,4.69,37.52,"['Epicerie Sucrée', 'Céréale et Barre', 'Fruits Secs et Graines', 'Amandes, Noix et Autres Fruits à Coques']",Daco Bello,True,False,false,2.0,MONTH,125g,[],https://courses.monoprix.fr/images-v3/0c44253f-c4a3-4340-9d37-d41e42b9d14a/ec0b5bdc-3395-4213-a331-8030473b2068/300x300.jpg
Régimes alimentaires,f7bfc360-07b2-49df-b2c1-f802c183ffd2,MPX_3550595,Bjorg Boisson Coco Sans Sucres Bio 1l,3.49,3.49,"['Bio', 'Boisson et Cave bio', 'Boisson végétale bio']",Bjorg,True,False,false,1.0,MONTH,1L,[],https://courses.monoprix.fr/images-v3/0c44253f-c4a3-4340-9d37-d41e42b9d14a/e3e4dcbf-bebd-44a3-808d-e937e0798d72/300x300.jpg
Régimes alimentaires,7ccd974b-f2c7-4c06-8714-6db7f3b30bd4,MPX_2975443,Bjorg Lait D'Amande Bio 50Cl,2.85,5.7,"['Bio', 'Boisson et Cave bio', 'Boisson végétale bio']",Bjorg,True,False,false,1.0,MONTH,50cl,['Produit bio'],https://courses.monoprix.fr/images-v3/0c44253f-c4a3-4340-9d37-d41e42b9d14a/3a3eeb8a-f4b2-41d0-8b37-f249d9c89106/300x300.jpg
Régimes alimentaires,76f589e2-f4a4-4e2e-9087-76a4b3686505,MPX_4097102,Andros Ferme Vanille Coco 4X100G,2.39,5.98,"['Produits Laitiers, Œufs et Fromages', 'Yaourts', 'Yaourts aromatisés et aux fruits']",ANDROS GOURMAND ET VEGETAL,True,False,false,1.0,WEEK,4 x 100g,['Produit vegan'],https://courses.monoprix.fr/images-v3/0c44253f-c4a3-4340-9d37-d41e42b9d14a/f8a6380e-168b-4a74-8636-593473d9df13/300x300.jpg
Régimes alimentaires,25525cdb-4067-448c-a651-0c3ceb106435,MPX_2061724,Toogood Snack poppé Paprika 85g,2.65,31.18,"['Régimes alimentaires', 'Végétal', 'Apéritif végétal']",Toogood,True,False,false,1.0,MONTH,85g,[],https://courses.monoprix.fr/images-v3/0c44253f-c4a3-4340-9d37-d41e42b9d14a/9555bb79-8af9-45ed-a4cc-c9431f017ee6/300x300.jpg
Régimes alimentaires,59f0d03a-4899-41e4-bde1-e59c6fef3654,MPX_2222446,"Mamee Nouilles Instantanées, Saveur Légumes 85 G",0.85,10.0,"['Produits du monde', 'Asie 亚洲', 'Nouilles et Vermicelles']",Mamee,True,False,false,2.0,MONTH,85g,"['Produit halal', 'Produit vegan']",https://courses.monoprix.fr/images-v3/0c44253f-c4a3-4340-9d37-d41e42b9d14a/cd93f650-6879-4476-b592-aa6e364385ab/300x300.jpg
Régimes alimentaires,3e12067f-a1e8-466e-acac-12009bf05f2b,MPX_810528,Bjorg Boisson Végétale Riz Nature Bio 1L,2.75,2.75,"['Bio', 'Boisson et Cave bio', 'Boisson végétale bio']",Bjorg,True,False,false,1.0,MONTH,1L,['Produit bio'],https://courses.monoprix.fr/images-v3/0c44253f-c4a3-4340-9d37-d41e42b9d14a/b51efd69-c86f-4557-b149-d909e43e8387/300x300.jpg
Régimes alimentaires,0f242310-5324-4ca8-9a54-09ce9b6449ed,MPX_1678161,"Bjorg Quinoa, tomates & olives, bio 250g",2.95,11.8,"['Epicerie Salée', 'Pâte, Riz, Céréale et Purée', 'Pâte, Riz, Purée et Légume sec bio']",Bjorg,True,False,false,1.0,MONTH,250g,['Produit bio'],https://courses.monoprix.fr/images-v3/0c44253f-c4a3-4340-9d37-d41e42b9d14a/610c93df-8979-41c5-bcea-31b2d31b0f67/300x300.jpg
Régimes alimentaires,bb53971a-c21e-4be3-a47f-55320a33ab57,MPX_4206516,Heura Chunks Méditerranéennes 160G,4.89,30.56,"['Charcuterie et Traiteur', 'Traiteur végétal', 'Traiteur végétal']",Heura,True,False,false,1.0,WEEK,160g,[],https://courses.monoprix.fr/images-v3/0c44253f-c4a3-4340-9d37-d41e42b9d14a/7e748c73-ffca-4320-ac30-f851e32811e6/300x300.jpg
Régimes alimentaires,37fd49b8-d31b-4238-ad54-b83a72b72cac,MPX_2061722,Toogood Snacks poppé Tomate et Herbes 85g,2.65,31.18,"['Régimes alimentaires', 'Végétal', 'Apéritif végétal']",Toogood,True,False,false,1.0,MONTH,85g,[],https://courses.monoprix.fr/images-v3/0c44253f-c4a3-4340-9d37-d41e42b9d14a/9bdc8d71-5035-4cfb-8114-01269ff0099c/300x300.jpg
Régimes alimentaires,ebf62fd6-6a7b-41b6-b667-a413f3f07e19,MPX_6718592,Fleury Michon Tranches de Pois Chiches x4 120g,2.69,22.42,"['Régimes alimentaires', 'Végétal', 'Protéine végétale']",Fleury michon,True,False,false,1.0,WEEK,120g,[],https://courses.monoprix.fr/images-v3/0c44253f-c4a3-4340-9d37-d41e42b9d14a/c9d1cd0e-d57f-407d-a970-95b1e0416ecf/300x300.jpg
Régimes alimentaires,26793f53-3162-4904-b486-cd9fbfc9ee08,MPX_3955103,Andros Liégeois Chocolat Vegan Au Lait D'Amande 4x90g,3.69,10.25,"['Régimes alimentaires', 'Vegan', 'Dessert vegan']",Andros,True,False,false,1.0,WEEK,4 x 90g,['Produit vegan'],https://courses.monoprix.fr/images-v3/0c44253f-c4a3-4340-9d37-d41e42b9d14a/4ef128b8-ddf6-470c-b93b-3dc748527140/300x300.jpg
Régimes alimentaires,22a7c537-0374-4377-afa1-fd7a40e522ed,MPX_2521628,Schär Pain Maestro Classic Sans Gluten 300G,4.99,16.63,"['Régimes alimentaires', 'Sans gluten', 'Petit déjeuner sans gluten']",Schar,True,False,false,1.0,MONTH,300g,[],https://courses.monoprix.fr/images-v3/0c44253f-c4a3-4340-9d37-d41e42b9d14a/3e7230cf-3d56-45a6-b51e-41a0386420eb/300x300.jpg
Régimes alimentaires,4d8f3ca2-f0c8-4bef-93ce-8567654f6bf5,MPX_3765677,Gerblé Biscuit Cacao Céréal 160g,2.89,18.06,"['Régimes alimentaires', 'Nutrition et Minceur', 'Repas et Encas Minceur']",Gerblé,True,False,false,2.0,MONTH,160g,[],https://courses.monoprix.fr/images-v3/0c44253f-c4a3-4340-9d37-d41e42b9d14a/b56fe4ac-4ec3-4457-94ea-47da7159d2b8/300x300.jpg
Régimes alimentaires,ca4b3686-f8c2-443f-8d21-aa5242b03c75,MPX_2495887,Bjorg Crème de coco légère bio 200ml,2.09,10.45,"['Epicerie Salée', 'Sauce et Base culinaire', 'Lait et Crème de coco']",Bjorg,True,False,false,2.0,MONTH,200ml,[],https://courses.monoprix.fr/images-v3/0c44253f-c4a3-4340-9d37-d41e42b9d14a/cd520e39-fc1c-43a9-9685-125bb4f02141/300x300.jpg
Régimes alimentaires,23eb1b25-8ccd-4114-9cdc-8dd3d5206ad6,MPX_3430167,Monoprix Gourmet Mélange de graines et cranberries 120g,3.09,25.75,"['Epicerie Salée', 'Produit apéritif', 'Cacahuète, Noix, Amande et Pistache', 'Autres Fruits Secs']",Monoprix Gourmet,True,False,false,2.0,MONTH,120g,[],https://courses.monoprix.fr/images-v3/0c44253f-c4a3-4340-9d37-d41e42b9d14a/39ae0ff2-4808-42d7-847c-1e79390dd0d9/300x300.jpg
Régimes alimentaires,be3a4880-0693-4ab1-b26e-6cd7399f0dd2,MPX_2521648,Schär Pain Maestro Vital Sans Gluten 350G,5.29,15.11,"['Régimes alimentaires', 'Sans gluten', 'Petit déjeuner sans gluten']",Schar,True,False,false,1.0,MONTH,350g,[],https://courses.monoprix.fr/images-v3/0c44253f-c4a3-4340-9d37-d41e42b9d14a/d7d08fcd-daa4-444e-92ff-88fbec353ff3/300x300.jpg
Régimes alimentaires,4bb2295d-4ae6-4b39-9213-e8d841e1c056,MPX_1628460,Bjorg Boisson épeautre bio 1L,2.99,2.99,"['Bio', 'Boisson et Cave bio', 'Boisson végétale bio']",Bjorg,True,False,false,2.0,MONTH,1L,['Produit bio'],https://courses.monoprix.fr/images-v3/0c44253f-c4a3-4340-9d37-d41e42b9d14a/50880ded-ede1-4012-9f00-5fd6f27d23b2/300x300.jpg
Régimes alimentaires,f635de61-ee70-4fe1-b037-e5b60b132191,MPX_2218272,Gerblé Biscuit chocolat saveur amande au germe de blé 200g,2.59,12.95,"['Epicerie Sucrée', 'Biscuit Sec', 'Biscuit allégé']",Gerblé,True,False,false,2.0,MONTH,200g,[],https://courses.monoprix.fr/images-v3/0c44253f-c4a3-4340-9d37-d41e42b9d14a/03b6734b-7a22-4fbc-928b-c5cd5066a8cc/300x300.jpg
Régimes alimentaires,19c90eab-1003-4249-83b2-cb231b1b23ec,MPX_6567758,La Vie bacon végétal fumé 120g,3.39,28.25,"['Boucherie et Volaille', 'Protéines végétales']",La Vie,True,False,false,2.0,WEEK,120g,[],https://courses.monoprix.fr/images-v3/0c44253f-c4a3-4340-9d37-d41e42b9d14a/877043cd-7e02-472a-a932-65971e97dd07/300x300.jpg
Régimes alimentaires,2f6d8690-151d-4b7e-83f7-5025956816ab,MPX_3045346,Barilla sauce pesto basilic vegan 195g,3.99,20.46,"['Régimes alimentaires', 'Vegan', 'Epicerie salée vegan']",Barilla,True,False,false,2.0,MONTH,195g,"['Produit végétarien', 'Produit vegan']",https://courses.monoprix.fr/images-v3/0c44253f-c4a3-4340-9d37-d41e42b9d14a/1b2f0c72-69af-4e4e-893f-c84c66fb2587/300x300.jpg
Régimes alimentaires,e08f2348-38c2-4e3d-b9b0-1bb2ba008473,MPX_66380,Sojasun Spécialité Au Soja Nature 6x100g,2.85,4.75,"['Produits Laitiers, Œufs et Fromages', 'Yaourts', 'Yaourts natures']",Sojasun,True,False,false,1.0,WEEK,6 x 100g,[],https://courses.monoprix.fr/images-v3/0c44253f-c4a3-4340-9d37-d41e42b9d14a/703cff82-63a4-4993-a9e1-3ddb93f23189/300x300.jpg
Régimes alimentaires,ce3b21fb-7c7b-4ea4-b4d7-f79fbe812c7e,MPX_11741,Gerblé Biscuits Soja Orange 280g,2.15,7.68,"['Epicerie Sucrée', 'Biscuit Sec', 'Biscuit allégé']",Gerblé,True,False,false,2.0,MONTH,280g,[],https://courses.monoprix.fr/images-v3/0c44253f-c4a3-4340-9d37-d41e42b9d14a/6b1c60fa-133e-4213-ab83-834dfe2d2bf7/300x300.jpg
Régimes alimentaires,1160ac5c-027e-457c-acc8-5771750a0127,MPX_3487354,Monoprix Boisson Végétale Noisette 1L,2.65,2.65,"['Régimes alimentaires', 'Végétal', 'Boisson végétale']",Monoprix,True,False,false,2.0,MONTH,1L,[],https://courses.monoprix.fr/images-v3/0c44253f-c4a3-4340-9d37-d41e42b9d14a/80a3ec02-146c-4abd-9b4b-e37ff2b9bfcd/300x300.jpg
Régimes alimentaires,6f0ac871-bc2b-45ae-af26-884d52eed0ab,MPX_1109323,Yarden JR 10 Feuilles de Brick 170g,1.79,10.53,"['Régimes alimentaires', 'Casher', 'Produits frais']",JR,True,False,false,4.0,WEEK,170g,['Produit casher'],https://courses.monoprix.fr/images-v3/0c44253f-c4a3-4340-9d37-d41e42b9d14a/e7bcf49b-2102-4074-ace1-fe628df84a89/300x300.jpg
Régimes alimentaires,b3a66967-df35-44f7-8882-aefbf0873f9f,MPX_952451,Gerblé Goûter aux écorces confites 360g,2.25,6.25,"['Epicerie Sucrée', 'Biscuit Sec', 'Biscuit allégé']",Gerblé,True,False,false,2.0,MONTH,360g,[],https://courses.monoprix.fr/images-v3/0c44253f-c4a3-4340-9d37-d41e42b9d14a/2985f145-0b47-4437-aa43-554e96a06a06/300x300.jpg
Régimes alimentaires,08780571-f6b2-466b-9597-fcb668cd6843,MPX_4123788,Happyvore chipolata végétale x4 200g,4.59,22.95,"['Régimes alimentaires', 'Végétal', 'Protéine végétale']",Happyvore,True,False,false,4.0,DAY,200g,[],https://courses.monoprix.fr/images-v3/0c44253f-c4a3-4340-9d37-d41e42b9d14a/b77e971d-1f10-464b-ab2e-07ebd7c7da4d/300x300.jpg
Régimes alimentaires,c85c67da-e08b-46b2-a355-52212c29efa8,MPX_2687409,Gerblé Moelleux Aux Pépites De Chocolat Sans Sucres 196g,4.59,23.42,"['Epicerie Sucrée', 'Biscuit Sec', 'Biscuit allégé']",Gerblé,True,False,false,1.0,MONTH,196g,[],https://courses.monoprix.fr/images-v3/0c44253f-c4a3-4340-9d37-d41e42b9d14a/569b4586-8dd8-46c4-9b8b-fbbf27a411b2/300x300.jpg
Régimes alimentaires,81e2ea77-8843-4b3b-89e2-ab3c1d6818c2,MPX_2751863,Sigdal Craquants À L'Avoine Sans Gluten 190G,5.79,30.47,"['Régimes alimentaires', 'Vegan', 'Pain vegan']",Sigdal,True,False,false,2.0,MONTH,190g,['Produit vegan'],https://courses.monoprix.fr/images-v3/0c44253f-c4a3-4340-9d37-d41e42b9d14a/ab60bb91-8c9a-4b17-b91b-f577556c31cc/300x300.jpg
Régimes alimentaires,8fa49148-40ea-4d4b-a759-d2266b76a93f,MPX_2480918,Bjorg Lait d'amande vanille bio 1L,4.19,4.19,"['Bio', 'Boisson et Cave bio', 'Boisson végétale bio']",Bjorg,True,False,false,1.0,MONTH,1L,['Produit bio'],https://courses.monoprix.fr/images-v3/0c44253f-c4a3-4340-9d37-d41e42b9d14a/3987530d-373f-4990-adba-dab7234eee38/300x300.jpg
Régimes alimentaires,36455fc2-28b0-4cfe-9972-1f2d95a7e36b,MPX_6621888,Nu3 FIT barre protéinée caramel salé 55g,2.95,53.64,"['Nos sélections', 'Inspiration du moment', '& Kit du sportif', 'Encas pour sportif']",Nu3,True,False,false,2.0,MONTH,55g,[],https://courses.monoprix.fr/images-v3/0c44253f-c4a3-4340-9d37-d41e42b9d14a/57c6024d-6c36-4f2a-89a8-356c9972f282/300x300.jpg
Régimes alimentaires,19d74220-3783-47ac-a597-6402d7ee268e,MPX_1932797,Gerblé Biscuits Pavot Citron 200G,2.25,11.25,"['Epicerie Sucrée', 'Biscuit Sec', 'Biscuit allégé']",Gerblé,True,False,false,2.0,MONTH,200g,[],https://courses.monoprix.fr/images-v3/0c44253f-c4a3-4340-9d37-d41e42b9d14a/70af8920-cc71-4d5d-9cb8-7ef71d19b709/300x300.jpg
Régimes alimentaires,8542080a-5eab-489a-8dde-508257ce4088,MPX_3194616,Andros Gourmand Végétal Brassé Pèche 4x100g,3.15,7.88,"['Produits Laitiers, Œufs et Fromages', 'Yaourts', 'Yaourts aromatisés et aux fruits']",ANDROS GOURMAND ET VEGETAL,True,False,false,1.0,WEEK,4 x 100g,['Produit vegan'],https://courses.monoprix.fr/images-v3/0c44253f-c4a3-4340-9d37-d41e42b9d14a/49081f9f-64db-46a5-bd26-8a42fe62334c/300x300.jpg
Régimes alimentaires,dc2d6357-ffee-4d3f-99cc-157ed5952b7a,MPX_6653652,Monoprix Boisson Végétale Avoine 1L,1.99,1.99,"['Régimes alimentaires', 'Végétal', 'Boisson végétale']",Monoprix,True,False,false,2.0,MONTH,1L,[],https://courses.monoprix.fr/images-v3/0c44253f-c4a3-4340-9d37-d41e42b9d14a/b2c6a29e-ca2f-45a9-b5e4-937b68a2edf4/300x300.jpg
Régimes alimentaires,751e622e-ba4d-437c-966d-a90fee3fda4d,MPX_952447,"Gerblé Goûter aux raisins, sans sel ajouté 360g",2.25,6.25,"['Epicerie Sucrée', 'Biscuit Sec', 'Biscuit allégé']",Gerblé,True,False,false,2.0,MONTH,360g,[],https://courses.monoprix.fr/images-v3/0c44253f-c4a3-4340-9d37-d41e42b9d14a/1dd2bc63-bcf9-4057-9a72-f64e2e2b3b70/300x300.jpg
Régimes alimentaires,82dd703a-bc90-44c2-8fcf-f5e0e44e5d9f,MPX_3011409,Monoprix galettes panées sarrasin boulgour poireaux 200g,3.99,19.95,"['Charcuterie et Traiteur', 'Traiteur végétal', 'Traiteur végétal']",Monoprix,True,False,false,1.0,WEEK,200g,[],https://courses.monoprix.fr/images-v3/0c44253f-c4a3-4340-9d37-d41e42b9d14a/a09964e1-062f-4722-a256-b444f647460e/300x300.jpg
Régimes alimentaires,11ffcf02-565a-408e-8726-3ed22c2f906c,MPX_2725449,Ayam Thaïlande Pâte de Curry Vert 100g,2.75,27.5,"['Produits du monde', 'Asie 亚洲', 'Nouilles et Vermicelles']",Ayam,True,False,false,2.0,MONTH,100g,[],https://courses.monoprix.fr/images-v3/0c44253f-c4a3-4340-9d37-d41e42b9d14a/abfceeec-49ca-4383-adc0-07027d7370f5/300x300.jpg
Régimes alimentaires,c9b7c7bc-df1f-41aa-b0bc-337562956790,MPX_3071403,Fleury Michon Blanc De Poulet Halal Tranches Fines X10,5.59,18.63,"['Charcuterie et Traiteur', 'Charcuterie', 'Charcuterie de volaille', 'Blanc de volaille']",Fleury Michon,True,False,false,1.0,WEEK,300g,['Produit halal'],https://courses.monoprix.fr/images-v3/0c44253f-c4a3-4340-9d37-d41e42b9d14a/a2b1eb87-4744-4fec-bcca-b3edf3adfe57/300x300.jpg
Régimes alimentaires,d6099748-ce5c-4faa-8d51-2b36c514c18d,MPX_2219714,Sojasun Spécialité Au Soja Et Citron 4x100g,1.99,4.98,"['Régimes alimentaires', 'Vegan', 'Dessert vegan']",Sojasun,True,False,false,1.0,WEEK,4 x 100g,[],https://courses.monoprix.fr/images-v3/0c44253f-c4a3-4340-9d37-d41e42b9d14a/38829db3-60b3-46e9-ab36-c655f3dc9071/300x300.jpg
Régimes alimentaires,3fec242b-1ed9-49cb-92a9-ac8ec7af14db,MPX_3858549,Alpro Boisson Végétale Lait de Coco sans sucres 1L,2.79,2.79,"['Régimes alimentaires', 'Végétal', 'Boisson végétale']",Alpro,True,False,false,2.0,MONTH,1L,['Produit végétarien'],https://courses.monoprix.fr/images-v3/0c44253f-c4a3-4340-9d37-d41e42b9d14a/acf64d79-6a4b-4626-8bae-e5bcac3c7af0/300x300.jpg
Régimes alimentaires,b17f238a-5a78-43ca-9096-0794dca0fc8b,MPX_6665606,Bonduelle Mini Croustis Italian Aubergine Courgette Mozzarella 240g,4.39,18.29,"['Régimes alimentaires', 'Végétal', 'Protéine végétale']",Bonduelle,True,False,false,6.0,MONTH,240g,['Produit congelé'],https://courses.monoprix.fr/images-v3/0c44253f-c4a3-4340-9d37-d41e42b9d14a/bd7414e0-641c-46a5-a0b9-de4485ebd2f7/300x300.jpg
Régimes alimentaires,da04431a-7362-40fb-aead-8611ba84d369,MPX_3011407,Monoprix Escalopes panées de blé x2 200g,3.99,19.95,"['Charcuterie et Traiteur', 'Traiteur végétal', 'Traiteur végétal']",Monoprix,True,False,false,6.0,DAY,200g,[],https://courses.monoprix.fr/images-v3/0c44253f-c4a3-4340-9d37-d41e42b9d14a/c561e9db-efc3-4129-9e5c-5c605269f05b/300x300.jpg
Régimes alimentaires,958b2c42-025a-4334-9003-83563dc0c37d,MPX_1738059,"Bjorg Quinoa & pois chiches, bio 250g",3.69,14.76,"['Epicerie Salée', 'Pâte, Riz, Céréale et Purée', 'Pâte, Riz, Purée et Légume sec bio']",Bjorg,True,False,false,2.0,MONTH,250g,['Produit bio'],https://courses.monoprix.fr/images-v3/0c44253f-c4a3-4340-9d37-d41e42b9d14a/eac4a27c-f18f-4747-95fa-d5f4bb91ff69/300x300.jpg
Régimes alimentaires,19ecf6d2-2317-4090-bda2-ad793f9ab403,MPX_2336846,Gerblé Biscuits Fourrés Au Cacao Sans Sucres 185g,4.15,22.43,"['Epicerie Sucrée', 'Biscuit Sec', 'Biscuit au chocolat']",Gerblé,True,False,false,1.0,MONTH,185g,[],https://courses.monoprix.fr/images-v3/0c44253f-c4a3-4340-9d37-d41e42b9d14a/6186ecaf-4ca2-4da7-8fd7-fb5a10fcfcd4/300x300.jpg
Régimes alimentaires,abf6c07c-bd8a-4242-a3c7-512fe6d7d1aa,MPX_4197562,Gerblé Pain Complet au Sarrasin Sans Gluten & Sans Lactose 230g,4.95,20.63,"['Régimes alimentaires', 'Nutrition et Minceur', 'Smart Food']",Gerblé,True,False,false,2.0,MONTH,240g,[],https://courses.monoprix.fr/images-v3/0c44253f-c4a3-4340-9d37-d41e42b9d14a/185dcedd-9bb3-4e63-9a74-0e0455cfa4aa/300x300.jpg
Régimes alimentaires,ea42610b-b0f0-46f1-9fdc-64c82733bff8,MPX_2713944,Charles Vignon Muesli Bio Croustillant Amande Vanille 375G,5.79,15.44,"['Epicerie Sucrée', 'Céréale et Barre', 'Céréale et Barre bio']",CHARLES VIGNON,True,False,false,2.0,MONTH,375g,['Produit bio'],https://courses.monoprix.fr/images-v3/0c44253f-c4a3-4340-9d37-d41e42b9d14a/3acf2317-9e91-4002-b52a-2be3e5e29630/300x300.jpg
Régimes alimentaires,bdf990d7-d744-491a-b972-bdaa89ab08ca,MPX_3058656,"Gayelord Hauser Façon Tagliatelles De Konjac, Nature À Cuisiner 160G",2.75,17.19,"['Régimes alimentaires', 'Nutrition et Minceur', 'Repas et Encas Minceur']",Gayelord Hauser,True,False,false,1.0,MONTH,160g,[],https://courses.monoprix.fr/images-v3/0c44253f-c4a3-4340-9d37-d41e42b9d14a/3fa86bbb-00b0-43e2-90e4-cbc5d45a4d02/300x300.jpg
Régimes alimentaires,3ad5bf76-6874-4951-a1f7-e8c0bf60e37c,MPX_4056193,Alpro Boisson Végétale Lait D'Amande Vanille 1L,3.19,3.19,"['Régimes alimentaires', 'Végétal', 'Boisson végétale']",Alpro,True,False,false,2.0,MONTH,1kg,[],https://courses.monoprix.fr/images-v3/0c44253f-c4a3-4340-9d37-d41e42b9d14a/75e23aa0-a88e-4900-8e45-2b607f71660e/300x300.jpg
Régimes alimentaires,f3e64f14-9798-4232-9d00-4b2db626f8a9,MPX_6585526,Lindahls Pro+ Fromage Blanc Hyperprotéiné Stracciatella 2x160g,2.89,9.03,"['Produits Laitiers, Œufs et Fromages', 'Yaourts', 'Yaourts aromatisés et aux fruits']",Lindahls,True,False,false,1.0,WEEK,2 x 160g,[],https://courses.monoprix.fr/images-v3/0c44253f-c4a3-4340-9d37-d41e42b9d14a/64bc54cd-68eb-4f89-8a74-d86413ede845/300x300.jpg
Régimes alimentaires,a836c1e8-c866-4892-8a88-cb5db56f675f,MPX_886401,Seeberger Noisettes Décortiquées 150G,6.95,46.33,"['Epicerie Sucrée', 'Céréale et Barre', 'Fruits Secs et Graines', 'Amandes, Noix et Autres Fruits à Coques']",Seeberger,True,False,false,2.0,MONTH,150g,[],https://courses.monoprix.fr/images-v3/0c44253f-c4a3-4340-9d37-d41e42b9d14a/9fa11d9e-0fda-4904-80ef-e3a95db9451b/300x300.jpg
Régimes alimentaires,c5e6e668-bb97-488e-8c4a-dca90ca59519,MPX_3834842,Happyvore aiguillette végétale 150g,4.59,30.6,"['Boucherie et Volaille', 'Protéines végétales']",Happyvore,True,False,false,5.0,DAY,150g,['Produit vegan'],https://courses.monoprix.fr/images-v3/0c44253f-c4a3-4340-9d37-d41e42b9d14a/a26b87e2-c369-45dd-bebc-fc549e7063c9/300x300.jpg
Régimes alimentaires,bd1713f8-4599-4bef-8b62-12a62c97bd41,MPX_5642542,Monoprix Bio Tofu Nature 250g,2.99,11.96,"['Charcuterie et Traiteur', 'Traiteur végétal', 'Traiteur végétal']",Monoprix Bio,True,False,false,2.0,WEEK,250g,['Produit bio'],https://courses.monoprix.fr/images-v3/0c44253f-c4a3-4340-9d37-d41e42b9d14a/c5f3443e-4345-459e-a5a6-287ce7311674/300x300.jpg
Régimes alimentaires,88f7e158-9330-4f52-8b9b-6f496a6fe41d,MPX_808712,Ebly Blé Express 2Min Nature À L'Huile D'Olive 220G,2.15,9.77,"['Régimes alimentaires', 'Vegan', 'Epicerie salée vegan']",Ebly,True,False,false,2.0,MONTH,220g,['Produit végétarien'],https://courses.monoprix.fr/images-v3/0c44253f-c4a3-4340-9d37-d41e42b9d14a/d812f4fe-9b8b-415d-b84f-c27af2186806/300x300.jpg
Régimes alimentaires,bc6a4c6a-b75f-4d73-8035-886b17589e54,MPX_1176899,Bjorg Boisson végétale soja chocolat bio 1L,3.49,3.49,"['Bio', 'Boisson et Cave bio', 'Boisson végétale bio']",Bjorg,True,False,false,2.0,MONTH,1L,['Produit bio'],https://courses.monoprix.fr/images-v3/0c44253f-c4a3-4340-9d37-d41e42b9d14a/416fe505-50b5-4437-8d65-dd2986063be5/300x300.jpg
Régimes alimentaires,32f1cada-0628-42e8-ba24-e0414edcf066,MPX_1833476,Bjorg Tofu Nature Bio 2x200g,3.69,9.23,"['Régimes alimentaires', 'Végétal', 'Protéine végétale']",Bjorg,True,False,false,1.0,MONTH,400g,[],https://courses.monoprix.fr/images-v3/0c44253f-c4a3-4340-9d37-d41e42b9d14a/e8e955eb-4830-4398-86bd-be71b43cbc84/300x300.jpg
Régimes alimentaires,59b943cc-0aa9-4a0d-9c8b-488aadc85e03,MPX_6718590,Fleury Michon Tranches Végétales Haricots Blancs x4 120g,2.69,22.42,"['Régimes alimentaires', 'Végétal', 'Protéine végétale']",Fleury Michon,True,False,false,1.0,WEEK,120g,[],https://courses.monoprix.fr/images-v3/0c44253f-c4a3-4340-9d37-d41e42b9d14a/a0affde2-6acd-4e9b-b57d-e4f1de34f392/300x300.jpg
Régimes alimentaires,9aee2b00-2e09-4638-9f8e-5f2db6a07123,MPX_2852219,Garden Gourmet Carré gourmand Tomates et mozzarella 160g,4.15,25.94,"['Régimes alimentaires', 'Végétal', 'Protéine végétale']",Garden Gourmet,True,False,false,1.0,WEEK,160g,[],https://courses.monoprix.fr/images-v3/0c44253f-c4a3-4340-9d37-d41e42b9d14a/2a69a8d8-544c-4981-b414-e78141fc19a0/300x300.jpg
Régimes alimentaires,1521be40-df7a-4884-98b4-b45ac839ea9a,MPX_6567032,Accro steak végétal x2 200g,4.49,22.45,"['Boucherie et Volaille', 'Protéines végétales']",Accro,True,False,false,1.0,WEEK,200g,['Produit vegan'],https://courses.monoprix.fr/images-v3/0c44253f-c4a3-4340-9d37-d41e42b9d14a/f43f6c9f-4853-4f49-a4c6-4afdd822386a/300x300.jpg
Régimes alimentaires,4eed489e-5d7c-4c0a-8acd-159ffa06ecee,MPX_1947192,"Jardin Bio Lait de coco, bio 400ml",3.79,9.48,"['Epicerie Salée', 'Sauce et Base culinaire', 'Lait et Crème de coco']",Léa Nature Jardin Bio,True,False,false,2.0,MONTH,400ml,"['Produit équitable', 'Produit bio']",https://courses.monoprix.fr/images-v3/0c44253f-c4a3-4340-9d37-d41e42b9d14a/259e4cda-fec2-4fec-94cc-4bcd69d3bcdc/300x300.jpg
Régimes alimentaires,fda3b3cd-feb2-46ef-86c5-18a5e1f01c0a,MPX_2454999,Gerblé Sablé Nature Sans Sucres 132G,3.49,26.44,"['Epicerie Sucrée', 'Biscuit Sec', 'Biscuit allégé']",Gerblé,True,False,false,2.0,MONTH,132g,[],https://courses.monoprix.fr/images-v3/0c44253f-c4a3-4340-9d37-d41e42b9d14a/645cac34-fe00-4a26-afaa-3c4dbf8d1683/300x300.jpg
Régimes alimentaires,56ddcce3-a5c3-4f18-9cf5-2e5949018106,MPX_2258580,Bjorg Lait de coco fluide bio 200ml,2.09,10.45,"['Bio', 'Crèmerie bio', 'Lait bio']",Bjorg,True,False,false,1.0,MONTH,200ml,[],https://courses.monoprix.fr/images-v3/0c44253f-c4a3-4340-9d37-d41e42b9d14a/9289b5ad-961d-4fed-abeb-12af2342405e/300x300.jpg
Régimes alimentaires,24ca77f3-2096-47bd-b528-9f0bb4a177ed,MPX_3538122,Reghalal Aiguillette de Poulet 280g,3.88,16.89,"['Boucherie et Volaille', 'Volaille', 'Poulet']",REGHALAL,True,False,false,4.0,DAY,230,[],https://courses.monoprix.fr/images-v3/0c44253f-c4a3-4340-9d37-d41e42b9d14a/58a32799-5ee5-4fb6-a26e-ad9f42e9f695/300x300.jpg
Régimes alimentaires,c37d812b-0a4c-4dd4-bc66-341c3ff81118,MPX_3955102,Charles & Alice Dessert Gourmand au Chocolat et au Lait de Coco 2x110g,2.39,10.86,"['Produits Laitiers, Œufs et Fromages', 'Desserts', 'Desserts Pâtissiers et Spécialités']",Charles & Alice,True,False,false,1.0,WEEK,2 x 110g,[],https://courses.monoprix.fr/images-v3/0c44253f-c4a3-4340-9d37-d41e42b9d14a/314c8c24-5ede-411a-a948-1817db7e77c4/300x300.jpg
Régimes alimentaires,67491d1f-bcba-4c5b-8d5b-ddc8eac6777e,MPX_4043730,Réghalal Lardons de volaille fumés au bois de hêtre 150g,3.15,21.0,"['Charcuterie et Traiteur', 'Charcuterie', 'Charcuterie de volaille', 'Aiguillettes et Allumettes']",Réghalal,True,False,false,1.0,WEEK,150g,['Produit halal'],https://courses.monoprix.fr/images-v3/0c44253f-c4a3-4340-9d37-d41e42b9d14a/65a1f5b9-62b3-4bf4-aac0-4f8fa7b59639/300x300.jpg
Régimes alimentaires,a5dd8667-f61c-465b-bb96-94d780e000e0,MPX_3526681,Bjorg Boisson Cajou Bio 1L,3.49,3.49,"['Bio', 'Boisson et Cave bio', 'Boisson végétale bio']",Bjorg,True,False,false,1.0,MONTH,1L,['Produit bio'],https://courses.monoprix.fr/images-v3/0c44253f-c4a3-4340-9d37-d41e42b9d14a/f452bc26-58f4-4ca9-aef3-11a24bfba397/300x300.jpg
Régimes alimentaires,64c44e43-dd08-418a-a362-db0ffed11f40,MPX_3046692,Garden Gourmet Falafels Pois chiches 190g,4.39,23.11,"['Régimes alimentaires', 'Végétal', 'Protéine végétale']",GARDEN GOURMET,True,False,false,1.0,WEEK,190g,['Produit vegan'],https://courses.monoprix.fr/images-v3/0c44253f-c4a3-4340-9d37-d41e42b9d14a/298702f4-6e00-40e9-bd39-64bb87715624/300x300.jpg
Régimes alimentaires,5e755d97-7028-413b-a12e-d6d2d584e767,MPX_1817040,Céréal Bio Cappelletti Tofu Epinards Cuisiné 220g,2.89,13.14,"['Epicerie Salée', 'Plat cuisiné et Repas express', 'Pâtes express']",Céréal bio,True,False,false,4.0,WEEK,220g,['Produit bio'],https://courses.monoprix.fr/images-v3/0c44253f-c4a3-4340-9d37-d41e42b9d14a/07680b11-e97b-402e-99d7-5c64e4f6cdb2/300x300.jpg
Régimes alimentaires,dafc9009-416e-4eee-8271-030cf9a93581,MPX_1257313,Gerblé Biscuits soja figue riche au germe de blé 270g,2.69,9.96,"['Epicerie Sucrée', 'Biscuit Sec', 'Biscuit allégé']",Gerblé,True,False,false,2.0,MONTH,270g,[],https://courses.monoprix.fr/images-v3/0c44253f-c4a3-4340-9d37-d41e42b9d14a/cac59190-51d6-4f08-b965-7e7e001a32dd/300x300.jpg
Régimes alimentaires,7079262f-6b57-4d37-8bf7-ca0e79f2bf46,MPX_2725448,Ayam Thaïlande Pâte De Curry Rouge 100G,2.75,27.5,"['Produits du monde', 'Asie 亚洲', 'Nouilles et Vermicelles']",Ayam,True,False,false,2.0,MONTH,100g,['Produit vegan'],https://courses.monoprix.fr/images-v3/0c44253f-c4a3-4340-9d37-d41e42b9d14a/fc2084f2-e97b-4f88-945d-a82c563a3a3f/300x300.jpg
Régimes alimentaires,e09f2b1f-3334-4470-8662-532c4e0bc307,MPX_3303573,Schär Maestro Céréale Pains Tranchés 300G,5.49,18.3,"['Bio', 'Pain et Galette de riz bio', 'Pain et Biscotte bio']",Schar,True,False,false,1.0,MONTH,300g,[],https://courses.monoprix.fr/images-v3/0c44253f-c4a3-4340-9d37-d41e42b9d14a/e5106d6d-7ac9-4111-b22f-96008dff311f/300x300.jpg
Régimes alimentaires,df8b5805-2010-4513-8dec-025dfbed9797,MPX_1247410,Daco Bello Amandes Émondées 125 G,3.99,31.92,"['Epicerie Salée', 'Produit apéritif', 'Cacahuète, Noix, Amande et Pistache', 'Amande et Pistache']",Daco Bello,True,False,false,2.0,MONTH,125g,[],https://courses.monoprix.fr/images-v3/0c44253f-c4a3-4340-9d37-d41e42b9d14a/16957bc9-9a1d-48d9-94ca-647214a5f839/300x300.jpg
Régimes alimentaires,6230cfc9-87fa-448f-9375-15302ebce68b,MPX_11749,Gerblé Biscuits choco magnésium le scahet de 200g,3.39,16.95,"['Epicerie Sucrée', 'Biscuit Sec', 'Biscuit allégé']",Gerblé,True,False,false,2.0,MONTH,200g,[],https://courses.monoprix.fr/images-v3/0c44253f-c4a3-4340-9d37-d41e42b9d14a/649d4e42-8ec9-41fb-b807-f04592ea0416/300x300.jpg
Régimes alimentaires,6b7fc38b-5789-4868-aa43-2b0f37fd5e9d,MPX_2548052,"Sojasun spécialité au soja, mandarine et citron vert 4x100g",1.99,4.98,"['Régimes alimentaires', 'Vegan', 'Dessert vegan']",Sojasun,True,False,false,1.0,WEEK,4 x 100g,['Produit végétarien'],https://courses.monoprix.fr/images-v3/0c44253f-c4a3-4340-9d37-d41e42b9d14a/37302a69-9ca9-4fec-bf4a-ad4a842259c8/300x300.jpg
Régimes alimentaires,0932905e-da60-4464-be68-fd46307df13f,MPX_3194671,Sojasun soja nature sans sucres brique 1L,1.99,1.99,"['Régimes alimentaires', 'Végétal', 'Boisson végétale']",Sojasun,True,False,false,2.0,MONTH,1L,['Produit végétarien'],https://courses.monoprix.fr/images-v3/0c44253f-c4a3-4340-9d37-d41e42b9d14a/d1b5e389-b2ee-4244-9bd7-b92cec209822/300x300.jpg
Régimes alimentaires,cee079d1-c120-479d-acd4-3565307ea3fc,MPX_2687209,Monoprix Bio Ravioli végétariens sauce tomate bio 650g,5.69,8.75,"['Epicerie Salée', 'Conserve', 'Plat cuisiné en conserve']",Monoprix Bio,True,False,false,1.0,YEAR,650g,[],https://courses.monoprix.fr/images-v3/0c44253f-c4a3-4340-9d37-d41e42b9d14a/52490da8-6d2d-4cdd-a475-cdc7cb823213/300x300.jpg
Régimes alimentaires,deeadaa7-cf4a-4727-95d5-333019c48b40,MPX_4961370,Oatly Boisson Avoine Chocolat 1L,2.99,2.99,"['Boissons et Lait', 'Boisson végétale', 'Boisson végétale ambiante']",OATLY,True,False,false,2.0,MONTH,1L,[],https://courses.monoprix.fr/images-v3/0c44253f-c4a3-4340-9d37-d41e42b9d14a/45cd5d70-a37d-426b-8a0a-195a93ce686a/300x300.jpg
Régimes alimentaires,15a984b5-7d6d-411e-828a-836b0cc62c51,MPX_2454989,Gerblé Sablé Saveur Citron Yuzu Sans Sucres 132g,3.49,26.44,"['Epicerie Sucrée', 'Biscuit Sec', 'Biscuit allégé']",Gerblé,True,False,false,2.0,MONTH,132g,[],https://courses.monoprix.fr/images-v3/0c44253f-c4a3-4340-9d37-d41e42b9d14a/bfbb9b3f-2d1b-4b12-82fd-359120aac21a/300x300.jpg
Régimes alimentaires,93a4872c-3573-40e5-ab6f-7a5577041bd0,MPX_2187619,Bjorg Lait D'Amande Chocolat Bio 1L,4.19,4.19,"['Bio', 'Boisson et Cave bio', 'Boisson végétale bio']",Bjorg,True,False,false,1.0,MONTH,1L,['Produit bio'],https://courses.monoprix.fr/images-v3/0c44253f-c4a3-4340-9d37-d41e42b9d14a/a7239b97-6bae-4b38-9899-ce36da85826a/300x300.jpg
Régimes alimentaires,02cac4c7-dff8-49ba-8b88-d644bf838590,MPX_6566173,Heura chipolats nature 216g,3.99,18.47,"['Boucherie et Volaille', 'Protéines végétales']",Heura,True,False,false,4.0,DAY,216g,[],https://courses.monoprix.fr/images-v3/0c44253f-c4a3-4340-9d37-d41e42b9d14a/a09d3c6a-fa79-4294-b407-2d4312010dcf/300x300.jpg
Régimes alimentaires,fab5760d-c576-4a0a-af09-d252d8cde631,MPX_6571783,Hari&Co Dahl de Lentilles Corail Coco & Epices Bio 280g,4.89,17.46,"['Charcuterie et Traiteur', 'Pause Déjeuner', 'Plats cuisinés', 'Plats ethniques']",Hari&co,True,False,false,1.0,WEEK,280g,['Produit vegan'],https://courses.monoprix.fr/images-v3/0c44253f-c4a3-4340-9d37-d41e42b9d14a/ea932273-760b-4557-8389-da35e957e00e/300x300.jpg
Régimes alimentaires,4abb735f-b947-449f-b48f-42339aab26c3,MPX_3343511,Sigdal Craquants norvégiens Quinoa & Tournesol sans Gluten 190g,5.79,30.47,"['Régimes alimentaires', 'Vegan', 'Pain vegan']",Sigdal ,True,False,false,2.0,MONTH,190g,['Produit vegan'],https://courses.monoprix.fr/images-v3/0c44253f-c4a3-4340-9d37-d41e42b9d14a/803f180d-8a7d-44bb-bde3-fd64ef10b164/300x300.jpg
Régimes alimentaires,8b1af8b5-ae41-43e9-b0e1-010561483454,MPX_2974689,"Gerblé Pain Tranché Aux Farines De Mais Riz Et Quinoa, Sans Gluten 230G",3.95,17.17,"['Régimes alimentaires', 'Sans gluten', 'Petit déjeuner sans gluten']",Gerblé,True,False,false,2.0,MONTH,230g,[],https://courses.monoprix.fr/images-v3/0c44253f-c4a3-4340-9d37-d41e42b9d14a/3ae85f0b-77d6-419e-b34f-4701c3909abe/300x300.jpg
Régimes alimentaires,788bbeff-124b-4897-be91-83daa60e3dff,MPX_2368637,"Céréal Bio Orge, lentilles vertes, riz rouge au naturel 250g",3.09,12.36,"['Epicerie Salée', 'Pâte, Riz, Céréale et Purée', 'Pâte, Riz, Purée et Légume sec bio']",Cereal Bio,True,False,false,2.0,MONTH,250g,"['Produit vegan', 'Produit bio']",https://courses.monoprix.fr/images-v3/0c44253f-c4a3-4340-9d37-d41e42b9d14a/bbaaa551-9706-4caa-b165-92e3098b8939/300x300.jpg
Régimes alimentaires,2b4ef731-36d5-4e65-9b18-7b64bb266019,MPX_1035750,Gerlinéa Biscuits Chocolat Céréales,3.09,15.45,"['Régimes alimentaires', 'Nutrition et Minceur', 'Biscuit diététique']",Gerlinéa,True,False,false,2.0,MONTH,200g,[],https://courses.monoprix.fr/images-v3/0c44253f-c4a3-4340-9d37-d41e42b9d14a/8c1637f1-c1c8-44fe-8a80-2dc792b2b468/300x300.jpg
Régimes alimentaires,ee43eb69-ba8d-4a56-bc8b-39fd060de61d,MPX_4263280,Alpro Boisson Végétale Protéiné Soja 1L,3.09,3.09,"['Régimes alimentaires', 'Végétal', 'Boisson végétale']",Alpro,True,False,false,2.0,MONTH,1L,[],https://courses.monoprix.fr/images-v3/0c44253f-c4a3-4340-9d37-d41e42b9d14a/e331c950-7fc1-4833-8bc2-0dbb58a1565a/300x300.jpg
Régimes alimentaires,a7d067d1-6ebe-41b1-868a-ae28c6f57eb5,MPX_6614049,Happyvore 2 Steaks Végétaux & Gourmands 200g,4.59,22.95,"['Régimes alimentaires', 'Végétal', 'Protéine végétale']",Happyvore,True,False,false,5.0,DAY,200g,[],https://courses.monoprix.fr/images-v3/0c44253f-c4a3-4340-9d37-d41e42b9d14a/7272a7dd-071c-4ca8-8641-720f50a0dff2/300x300.jpg
Régimes alimentaires,2763dc54-43d7-4f93-baf2-1363d8b6ddaf,MPX_1362212,Ayam Lait de Coco 200ml,1.89,9.45,"['Produits du monde', 'Asie 亚洲', 'Lait et Crème de coco']",Ayam,True,False,false,2.0,MONTH,200ml,['Produit vegan'],https://courses.monoprix.fr/images-v3/0c44253f-c4a3-4340-9d37-d41e42b9d14a/ea7f5da3-d306-40e8-a86e-455508c9f481/300x300.jpg
Régimes alimentaires,9ef88f58-5801-4415-9c52-dafed1d24962,MPX_3418073,Andros végétale au lait de coco & Citron 4x100g,3.15,7.88,"['Produits Laitiers, Œufs et Fromages', 'Yaourts', 'Yaourts aromatisés et aux fruits']",ANDROS GOURMAND ET VEGETAL,True,False,false,1.0,WEEK,4 x 100g,['Produit vegan'],https://courses.monoprix.fr/images-v3/0c44253f-c4a3-4340-9d37-d41e42b9d14a/4db001b2-f438-4504-9860-8200dd6a4ad5/300x300.jpg
Surgelés,08edefc8-44be-43f6-a907-2d867f483e41,MPX_4214789,Cassegrain Aubergines À L'Italienne Mozarella Fondante 400G,5.49,13.73,"['Promotions', 'Les promos à ne pas manquer', 'Promo 30% de remise immédiate']",Cassegrain,True,False,false,6.0,MONTH,400g,['Produit congelé'],https://courses.monoprix.fr/images-v3/0c44253f-c4a3-4340-9d37-d41e42b9d14a/dc75c4d5-3ca5-40eb-bc1d-322feb0258b5/300x300.jpg
Surgelés,ec04143c-0d2b-4ec7-b3d0-e936f200cf07,MPX_3526830,Monoprix Frites Bistrot coupe avec peau préfrites 500g,3.89,7.78,"['Nos sélections', 'Boutique Enfants', 'Repas facile pour les enfants', 'Repas']",Monoprix,True,False,false,6.0,MONTH,500g,['Produit congelé'],https://courses.monoprix.fr/images-v3/0c44253f-c4a3-4340-9d37-d41e42b9d14a/9cad7e26-b2c5-4ca4-a2a1-68bd6e59bf9c/300x300.jpg
Surgelés,c831d648-85fc-46a2-9933-53c9cf067ad1,MPX_2189481,Tipiak Brandade de morue parmentier à l'huile d'olive et fines herbes 450g,5.49,12.2,"['Nos sélections', 'Boutique Enfants', 'Repas facile pour les enfants', 'Repas']",Tipiak,True,False,false,6.0,MONTH,450g,['Produit congelé'],https://courses.monoprix.fr/images-v3/0c44253f-c4a3-4340-9d37-d41e42b9d14a/65160255-9b38-446a-904a-c8e92c59c65d/300x300.jpg
Surgelés,849a8485-7a6d-4349-bfe9-f9274e4ca50f,MPX_3636755,Bonduelle Poêlée Méditerranéenne 750G,4.99,6.65,"['Promotions', 'Les promos à ne pas manquer', 'Le 2ème à moins 50%']",Bonduelle,True,False,false,2.0,MONTH,750g,"['Produit congelé', 'Produit vegan']",https://courses.monoprix.fr/images-v3/0c44253f-c4a3-4340-9d37-d41e42b9d14a/e2b1273f-487b-4f79-948d-435942e3e5c1/300x300.jpg
Surgelés,af97f233-affa-4a88-beea-0be051b57cbf,MPX_3636756,Bonduelle Poêlée Parisienne 750G,4.99,6.65,"['Nos sélections', 'Inspiration du moment', '& Sélection gros formats', 'Surgelés']",Bonduelle,True,False,false,6.0,MONTH,750g,['Produit congelé'],https://courses.monoprix.fr/images-v3/0c44253f-c4a3-4340-9d37-d41e42b9d14a/740a025e-28f2-4427-95ca-fe26e785dff8/300x300.jpg
Surgelés,31be7b68-1311-4c51-bade-afb72c6b8c06,MPX_3636753,Bonduelle poêlée champêtre 950g,4.99,5.25,"['Promotions', 'Les promos à ne pas manquer', 'Le 2ème à moins 50%']",Bonduelle,True,False,false,6.0,MONTH,950g,['Produit congelé'],https://courses.monoprix.fr/images-v3/0c44253f-c4a3-4340-9d37-d41e42b9d14a/96c2828f-eecc-4484-89ca-8fda53422dfa/300x300.jpg
Surgelés,375bcd02-c32d-4124-83fe-c3accdb15dad,MPX_67936,Tipiak Coquilles Saint-Jacques À La Bretonne Surgelées 220G,7.45,33.86,"['Surgelés', 'Apéritif, Entrée et Snack surgelés', 'Entrées, Feuilletées et Coquilles surgelés']",Tipiak,True,False,false,6.0,MONTH,220g,['Produit congelé'],https://courses.monoprix.fr/images-v3/0c44253f-c4a3-4340-9d37-d41e42b9d14a/50fe44ad-8aba-421b-a77a-99a48daaecf2/300x300.jpg
Surgelés,9ae6f7cc-cee8-41b5-a683-b59561565f23,MPX_6716452,Cassegrain Lasagnes aux Légumes du Soleil 300g,3.99,13.3,"['Promotions', 'Les promos à ne pas manquer', 'Promo 30% de remise immédiate']",Cassegrain,True,False,false,6.0,MONTH,300g,['Produit congelé'],https://courses.monoprix.fr/images-v3/0c44253f-c4a3-4340-9d37-d41e42b9d14a/c989507a-b8ed-4a2b-9cab-9dfb524c42e5/300x300.jpg
Surgelés,b239962a-e58c-49dd-9b95-a685bd1da27d,MPX_4219498,Mccain Signature Potato Pops 650G,4.09,6.29,"['Surgelés', 'Frites et Pommes de terre surgelées', 'Potatoes']",McCain,True,False,false,6.0,MONTH,650g,['Produit congelé'],https://courses.monoprix.fr/images-v3/0c44253f-c4a3-4340-9d37-d41e42b9d14a/4ad48725-e81c-485c-b471-cb966a85fe58/300x300.jpg
Surgelés,8544f7c5-f8c8-478a-8c1b-dc70f4ae7015,MPX_3367785,McCain Côté Chef - 650g,4.09,6.29,"['Nos recettes', 'Recettes du Monde', '& Le burger facile']",McCain,True,False,false,6.0,MONTH,650g,['Produit congelé'],https://courses.monoprix.fr/images-v3/0c44253f-c4a3-4340-9d37-d41e42b9d14a/3e72188e-9fcc-4873-b65a-06f9a5fd8f55/300x300.jpg
Surgelés,f24ee3d6-42bc-4d3d-8195-21f105e335e8,MPX_4214790,Cassegrain crumble légumes à la provençale 400g,5.49,13.73,"['Promotions', 'Les promos à ne pas manquer', 'Promo 30% de remise immédiate']",Cassegrain,True,False,false,2.0,MONTH,400g,['Produit congelé'],https://courses.monoprix.fr/images-v3/0c44253f-c4a3-4340-9d37-d41e42b9d14a/76ce45af-c9f6-4cdd-a12f-e69f693b653e/300x300.jpg
Surgelés,614bca69-4356-49c2-8278-4466f1eb422a,MPX_3717585,Ben & Jerry's Pot de Glace Cookie Dough 406g,6.15,15.15,"['Promotions', 'Les promos à ne pas manquer', 'Le 2ème à moins 50%']",Ben & jerry's,True,False,false,2.0,MONTH,406g,"['Produit équitable', 'Produit congelé']",https://courses.monoprix.fr/images-v3/0c44253f-c4a3-4340-9d37-d41e42b9d14a/d956dc74-dc94-44c0-8270-71462a261679/300x300.jpg
Surgelés,a4ff6873-46d8-4008-b836-f6932302ca76,MPX_4889759,Kinder Bueno Cônes Glacés x4 248g,3.85,15.52,"['Surgelés', 'Glace et Dessert glacé', 'Glace enfant']",Kinder,True,False,false,2.0,MONTH,248g,['Produit congelé'],https://courses.monoprix.fr/images-v3/0c44253f-c4a3-4340-9d37-d41e42b9d14a/a083da70-59af-4942-a8d5-1eab0a225cb0/300x300.jpg
Surgelés,a7a91ba8-5a50-4a14-a52a-7bd4eb28aa32,MPX_3957533,Monoprix Gourmet 12 Macarons Dégustation 154g,8.59,55.78,"['Noël', 'Promos de Noël', ""Promos repas festif,\xa0jusqu'à 50% sur le 2ème sur une sélection festive""]",Monoprix Gourmet,True,False,false,6.0,MONTH,154g,['Produit congelé'],https://courses.monoprix.fr/images-v3/0c44253f-c4a3-4340-9d37-d41e42b9d14a/795c3875-fd7d-4649-868d-ba227c7fb5c4/300x300.jpg
Surgelés,0a47ce03-31ce-4e21-8b5b-8a5fa6dc96a7,MPX_4043119,Ferrero Glace Chocolat Noisette x4 200g,4.99,24.95,"['Surgelés', 'Glace et Dessert glacé', 'Bâtonnet de glace']",Ferrero,True,False,false,2.0,MONTH,200g,['Produit congelé'],https://courses.monoprix.fr/images-v3/0c44253f-c4a3-4340-9d37-d41e42b9d14a/a5951e91-d6ca-4ca4-8217-8ee50a6f537b/300x300.jpg
Surgelés,6a01f43a-b50b-4a71-8f0e-7de9432cedc2,MPX_6666345,Tipiak Galettes Champignons Jambon Emmental 2x125g,4.99,19.96,"['Surgelés', 'Apéritif, Entrée et Snack surgelés', 'Burger, Bun et Crêpe surgelés']",Tipiak,True,False,false,6.0,MONTH,2 x 125g,['Produit congelé'],https://courses.monoprix.fr/images-v3/0c44253f-c4a3-4340-9d37-d41e42b9d14a/b4cc5982-3bdc-48ac-90cc-a828b06f5659/300x300.jpg
Surgelés,a560f1ca-000f-4705-a0a8-fe86911bf521,MPX_3717587,Ben & Jerry's Glace en Pot Chocolate Fudge Brownie 408g,6.15,15.07,"['Promotions', 'Les promos à ne pas manquer', 'Le 2ème à moins 50%']",Ben & jerry's,True,False,false,2.0,MONTH,408g,"['Produit équitable', 'Produit congelé']",https://courses.monoprix.fr/images-v3/0c44253f-c4a3-4340-9d37-d41e42b9d14a/25fa88b5-b691-41de-9228-23b76a5bdec3/300x300.jpg
Surgelés,c80f6fa0-12fc-45e3-a87c-ea93fae6848d,MPX_5785512,Tipiak Coquilles Fruits de Mer Sauce au Beurre Persillé 360g,6.99,19.42,"['Surgelés', 'Apéritif, Entrée et Snack surgelés', 'Entrées, Feuilletées et Coquilles surgelés']",Tipiak,True,False,false,6.0,MONTH,360g,['Produit congelé'],https://courses.monoprix.fr/images-v3/0c44253f-c4a3-4340-9d37-d41e42b9d14a/49cd1f78-5e39-4f30-a8cc-828c280153fd/300x300.jpg
Surgelés,6fd2f79b-ca97-4115-b019-2d6b5fcc0cb4,MPX_4124924,Monoprix Gourmet Tendresse Framboise 245G,9.69,39.55,"['Noël', 'Promos de Noël', ""Promos repas festif,\xa0jusqu'à 50% sur le 2ème sur une sélection festive""]",Monoprix Gourmet,True,False,false,2.0,MONTH,245g,['Produit congelé'],https://courses.monoprix.fr/images-v3/0c44253f-c4a3-4340-9d37-d41e42b9d14a/6a10c7bf-6993-4e1f-981a-ec5e6294acf3/300x300.jpg
Surgelés,7941f60e-2e17-4263-930a-c8bf70e49e8a,MPX_6596633,Kinder chocolat au lait ice cream x4 - 152g,3.85,25.33,"['Surgelés', 'Glace et Dessert glacé', 'Bâtonnet de glace']",Kinder,True,False,false,2.0,MONTH,152g,['Produit congelé'],https://courses.monoprix.fr/images-v3/0c44253f-c4a3-4340-9d37-d41e42b9d14a/70abb169-c836-4d6d-9c12-8c7eb591b921/300x300.jpg
Surgelés,4384b8f5-8f6a-42bb-8ac3-edc4de13b59e,MPX_3648256,Monoprix Gourmet 12 Macarons Sélection 157g,8.59,54.71,"['Epicerie Sucrée', 'Confiture, Pâte à tartiner et Miel', 'Confiture, Miel et Pâte à tartiner bio']",Monoprix Gourmet,True,False,false,6.0,MONTH,157g,['Produit congelé'],https://courses.monoprix.fr/images-v3/0c44253f-c4a3-4340-9d37-d41e42b9d14a/e3290dbd-1f2f-46f5-82fd-265852ee9d96/300x300.jpg
Surgelés,814dbc5d-79da-4dd8-b250-9f86ba1c08bd,MPX_6665443,McCain pickers chili et cheese nuggets 230g,4.99,21.7,"['Promotions', 'Les promos à ne pas manquer', 'Le 2ème à moins 50%']",McCain,True,False,false,2.0,MONTH,230g,['Produit congelé'],https://courses.monoprix.fr/images-v3/0c44253f-c4a3-4340-9d37-d41e42b9d14a/7e238718-79c1-4eec-a925-f9481d0fd973/300x300.jpg
Surgelés,70eb6b74-e7d9-446a-9875-32dc60060745,MPX_4217042,Mc Cain Pickers Crispy Onion Rings 350g,4.45,12.71,"['Promotions', 'Les promos à ne pas manquer', 'Le 2ème à moins 50%']",McCain,True,False,false,6.0,MONTH,350g,['Produit congelé'],https://courses.monoprix.fr/images-v3/0c44253f-c4a3-4340-9d37-d41e42b9d14a/0270404b-3324-4fd5-a02f-7e46c91ce27a/300x300.jpg
Surgelés,de2d257f-ba58-4653-b046-efb49d3bc6d5,MPX_5498831,Findus épinards hachés à la crème fraîche 500g,3.35,6.7,"['Surgelés', 'Légumes surgelés', 'Légumes cuisinés surgelés']",Findus,True,False,false,6.0,MONTH,500g,['Produit congelé'],https://courses.monoprix.fr/images-v3/0c44253f-c4a3-4340-9d37-d41e42b9d14a/897bb024-1723-461a-882a-5d3e07585544/300x300.jpg
Surgelés,7ed186e5-f4c5-411d-98da-badc5a278c0b,MPX_6563819,Findus frites crousti' express classique 2x100g,3.09,15.45,"['Nos sélections', 'Inspiration du moment', '& Frigo vide', 'Surgelés']",Findus,True,False,false,6.0,MONTH,2 x 100g,['Produit congelé'],https://courses.monoprix.fr/images-v3/0c44253f-c4a3-4340-9d37-d41e42b9d14a/84e3f670-2501-4c2c-8fad-d22a7e6237ca/300x300.jpg
Surgelés,bffcf341-799b-4e56-97ba-6a1e74a7d702,MPX_3822501,Monoprix Coeurs de Filets de Saumon ASC x2 300g,8.99,29.97,"['Surgelés', 'Poissons et Crustacés surgelés', 'Poisson nature surgelé']",Monoprix,True,False,false,6.0,MONTH,300g,['Produit congelé'],https://courses.monoprix.fr/images-v3/0c44253f-c4a3-4340-9d37-d41e42b9d14a/2ddefac4-a774-4096-87be-6309f80d6a0c/300x300.jpg
Surgelés,d53d0378-54f4-42b4-911b-84d049e07c1b,MPX_5165620,Mccain Frites Classiques Au Four 810G,3.79,4.68,"['Surgelés', 'Frites et Pommes de terre surgelées', 'Frites surgelées', 'Frite au four']",McCain,True,False,false,6.0,MONTH,810g,"['Produit congelé', 'Produit vegan']",https://courses.monoprix.fr/images-v3/0c44253f-c4a3-4340-9d37-d41e42b9d14a/6cb00bf1-f561-404e-8f5b-2f5e459e12be/300x300.jpg
Surgelés,0d4bcc62-a22a-4c67-801b-29f1808e1ac6,MPX_2910872,Findus Poisson Pané Colin Façon Fish & Chips MSC Filet x4 100g,5.79,14.48,"['Surgelés', 'Poissons et Crustacés surgelés', 'Poisson pané surgelé']",Findus,True,False,false,6.0,MONTH,4 x 100g,['Produit congelé'],https://courses.monoprix.fr/images-v3/0c44253f-c4a3-4340-9d37-d41e42b9d14a/b8fc70d2-1dfe-4a7d-b2de-33e503d5252e/300x300.jpg
Surgelés,affdd363-2057-4699-a5ce-120bac5465ba,MPX_1860207,Monoprix Bio Haricots Vert très fins 600g,1.85,3.08,"['Surgelés', 'Légumes surgelés', 'Légumes surgelés bio']",Monoprix Bio,True,False,false,2.0,MONTH,600g,"['Produit congelé', 'Produit bio']",https://courses.monoprix.fr/images-v3/0c44253f-c4a3-4340-9d37-d41e42b9d14a/0f9e17b7-fa33-47fe-953c-009b45640e76/300x300.jpg
Surgelés,e38ec89d-1de0-4b71-816c-4f9d6e752431,MPX_3177903,Monoprix Bio pavés de Saumon avec peau 200g,9.59,47.95,"['Nos sélections', 'Inspiration du moment', '& Frigo vide', 'Surgelés']",Monoprix Bio,True,False,false,6.0,MONTH,200g,"['Produit congelé', 'Produit bio']",https://courses.monoprix.fr/images-v3/0c44253f-c4a3-4340-9d37-d41e42b9d14a/e41b503c-c5ce-4c62-badf-394bfbd9d694/300x300.jpg
Surgelés,4e78c24e-3062-4037-b305-985c22897831,MPX_875683,Monoprix Pommes noisettes préfrites surgelées 350g,1.49,4.26,"['Nos sélections', 'Inspiration du moment', '& Barbecue', 'Surgelé']",Monoprix,True,False,false,6.0,MONTH,350g,['Produit congelé'],https://courses.monoprix.fr/images-v3/0c44253f-c4a3-4340-9d37-d41e42b9d14a/25e422f5-b099-4ade-b4e5-ee7ec0668eec/300x300.jpg
Surgelés,fc651355-49a3-4a7d-bb4e-43241d5f6258,MPX_5364449,Monoprix brocolis en fleurettes surgelés 900g,2.49,2.77,"['Nos sélections', 'Inspiration du moment', '& Tout pour une bonne soupe', 'Soupe à faire soi-même']",Monoprix,True,False,false,6.0,MONTH,900g,['Produit congelé'],https://courses.monoprix.fr/images-v3/0c44253f-c4a3-4340-9d37-d41e42b9d14a/952fa20a-41ce-4684-ab55-02b80cd7446e/300x300.jpg
Surgelés,96103592-0145-4871-8530-977b35956c6d,MPX_654538,Monoprix Haricots verts extra-fins surgelés 1kg,2.29,2.29,"['Nos sélections', 'Inspiration du moment', '& Sélection gros formats', 'Surgelés']",Monoprix,True,False,false,6.0,MONTH,1kg,['Produit congelé'],https://courses.monoprix.fr/images-v3/0c44253f-c4a3-4340-9d37-d41e42b9d14a/37d29c22-5bd1-4e5d-b35c-f5b9873d4793/300x300.jpg
Surgelés,a6657331-3039-4c50-a897-41ccaa488157,MPX_2049135,Monoprix Pizza Margherita Surgelée 350G,2.39,6.83,"['Nos sélections', 'Inspiration du moment', '& Frigo vide', 'Surgelés']",Monoprix,True,False,false,2.0,MONTH,350g,['Produit congelé'],https://courses.monoprix.fr/images-v3/0c44253f-c4a3-4340-9d37-d41e42b9d14a/ddcd0d40-e6b3-4ff7-b354-dc752382f1c7/300x300.jpg
Surgelés,0a9d3e4d-0a0e-41b4-a278-c90ca54e907f,MPX_3563226,Monoprix 8 gyoza aux légumes 220g,4.79,21.77,"['Produits du monde', 'Japon 日本', 'Soupe et Plat cuisiné']",Monoprix,True,False,false,6.0,MONTH,220g,['Produit congelé'],https://courses.monoprix.fr/images-v3/0c44253f-c4a3-4340-9d37-d41e42b9d14a/b63880e7-38f6-435f-8bd1-756fddbec9ee/300x300.jpg
Surgelés,0179a024-531c-4cd1-a638-e5b3942770a0,MPX_3766236,Monoprix 4 Tranches de filets de Colin d'Alaska MSC 400g,4.15,10.38,"['Nos sélections', 'Boutique Enfants', 'Repas facile pour les enfants', 'Repas']",Monoprix,True,False,false,6.0,MONTH,400g,['Produit congelé'],https://courses.monoprix.fr/images-v3/0c44253f-c4a3-4340-9d37-d41e42b9d14a/3c90c195-27c5-4458-95e3-68e464dbc122/300x300.jpg
Surgelés,721a6759-7d55-42d0-b3fa-581e4d2f9d63,MPX_1860208,Monoprix Bio épinards en branches bio 600g,2.99,4.98,"['Surgelés', 'Légumes surgelés', 'Légumes surgelés bio']",Monoprix Bio,True,False,false,2.0,MONTH,600g,"['Produit congelé', 'Produit bio']",https://courses.monoprix.fr/images-v3/0c44253f-c4a3-4340-9d37-d41e42b9d14a/5ceb7e27-33fa-4513-bb4a-c14f7597b599/300x300.jpg
Surgelés,58595800-d378-4351-a559-65f378eebd17,MPX_3789464,Monoprix 15 Bâtonnets panés de colin d'Alaska MSC 450g,2.44,5.42,"['Nos sélections', 'Inspiration du moment', '& Frigo vide', 'Surgelés']",Monoprix,True,False,false,6.0,MONTH,450g,['Produit congelé'],https://courses.monoprix.fr/images-v3/0c44253f-c4a3-4340-9d37-d41e42b9d14a/4cedeab7-ed3e-49ca-82b2-60c20760a79a/300x300.jpg
Surgelés,fbba26b2-9fcb-4dd3-84f4-1965452348e7,MPX_2426136,Findus Pommes Dauphine Moelleuses Au Coeur Léger 200g,2.65,13.25,"['Nos sélections', 'Inspiration du moment', '& Frigo vide', 'Surgelés']",Findus,True,False,false,6.0,MONTH,200g,['Produit congelé'],https://courses.monoprix.fr/images-v3/0c44253f-c4a3-4340-9d37-d41e42b9d14a/e88ca5c4-f31c-4b7d-b842-dba7c618fde4/300x300.jpg
Surgelés,9be4ad68-c3c0-4316-964f-1b83995aab69,MPX_1613330,Monoprix Pommes frites au four 600g,1.49,2.48,"['Nos sélections', 'Inspiration du moment', '& Barbecue', 'Surgelé']",Monoprix,True,False,false,6.0,MONTH,600g,['Produit congelé'],https://courses.monoprix.fr/images-v3/0c44253f-c4a3-4340-9d37-d41e42b9d14a/99640e95-4c8f-4a39-8d87-5fe9526b6233/300x300.jpg
Surgelés,7d170af6-434d-409a-949e-fe70b48205aa,MPX_2600576,Marie Moussaka au boeuf 600g,5.19,8.65,"['Surgelés', 'Plats cuisinés surgelés', 'Plat pour 2']",Marie,True,False,false,6.0,MONTH,600g,['Produit congelé'],https://courses.monoprix.fr/images-v3/0c44253f-c4a3-4340-9d37-d41e42b9d14a/7c1c4603-26fa-46d9-bd62-9ce58fc10e79/300x300.jpg
Surgelés,ff5fba18-5e40-47e6-9158-eb11b5559f35,MPX_2379782,Bonduelle Petit Pois Extra-Fondant Précuit 750G,3.09,4.12,"['Surgelés', 'Légumes surgelés', 'Légumes natures surgelés']",Bonduelle,True,False,false,2.0,MONTH,750g,"['Produit congelé', 'Produit vegan']",https://courses.monoprix.fr/images-v3/0c44253f-c4a3-4340-9d37-d41e42b9d14a/090ed14d-14a3-4ba3-acf6-5a5ac46529e7/300x300.jpg
Surgelés,00bca480-0b96-4268-aacc-d74edac2c634,MPX_3511773,Haagen Dazs Pot Vanilla Pecan Prem 400g,6.99,17.48,"['Surgelés', 'Glace et Dessert glacé', 'Pot et Mini pot de glace']",Häagen-Dazs,True,False,false,2.0,MONTH,400g,['Produit congelé'],https://courses.monoprix.fr/images-v3/0c44253f-c4a3-4340-9d37-d41e42b9d14a/ed5580e3-ee56-402e-8619-05f78fb6a75f/300x300.jpg
Surgelés,8fec6e98-a270-4ab8-943a-db7e01cf513a,MPX_6717876,Dr.Oetker Ristorante Pizza Rucola 325g,3.49,10.74,"['Surgelés', 'Pizza, Quiche et Tarte surgelées', 'Pizza surgelée']",Dr. oetker,True,False,false,1.0,MONTH,325g,['Produit congelé'],https://courses.monoprix.fr/images-v3/0c44253f-c4a3-4340-9d37-d41e42b9d14a/8b35797a-3a18-450b-b7ce-df4cced8370e/300x300.jpg
Surgelés,27a076b0-2084-4abf-946a-60c05483e6fb,MPX_5206774,DrOetker Pizza Ristorante Bolognaise 375g,3.79,10.11,"['Surgelés', 'Pizza, Quiche et Tarte surgelées', 'Pizza surgelée']",Ristorante,True,False,false,1.0,MONTH,375g,['Produit congelé'],https://courses.monoprix.fr/images-v3/0c44253f-c4a3-4340-9d37-d41e42b9d14a/d8ae2bcb-5858-4a08-980d-359166238edb/300x300.jpg
Surgelés,b03107bb-0695-4f28-8162-ee7859daf06a,MPX_1468747,Monoprix Cheeseburgers 2X130G,2.99,11.5,"['Surgelés', 'Apéritif, Entrée et Snack surgelés', 'Burger, Bun et Crêpe surgelés']",Monoprix,True,False,false,2.0,MONTH,260g,['Produit congelé'],https://courses.monoprix.fr/images-v3/0c44253f-c4a3-4340-9d37-d41e42b9d14a/717cc8e9-a7db-44b5-9b28-13bb7210c2a2/300x300.jpg
Surgelés,53fed79d-0cdc-4d5f-ac74-fd2b5840050f,MPX_6584118,Magnum Bâtonnet Deluxe Caramel 4x71g,4.65,16.37,"['Surgelés', 'Glace et Dessert glacé', 'Bâtonnet de glace']",Magnum,True,False,false,2.0,MONTH,4 x 71g,['Produit congelé'],https://courses.monoprix.fr/images-v3/0c44253f-c4a3-4340-9d37-d41e42b9d14a/840d6934-f6cc-4950-9f39-e8f42dbc8dea/300x300.jpg
Surgelés,782308a5-395d-40d5-800a-ca88ff69f420,MPX_3960722,Monoprix Colin D'Alaska Panure Multi-Graines 400g,6.09,15.23,"['Surgelés', 'Poissons et Crustacés surgelés', 'Poisson nature surgelé']",Monoprix,True,False,false,2.0,MONTH,400g,['Produit congelé'],https://courses.monoprix.fr/images-v3/0c44253f-c4a3-4340-9d37-d41e42b9d14a/54242901-de4d-470b-ab00-ad79d0b9e220/300x300.jpg
Surgelés,0c84807c-517b-45bd-a563-f18012e55943,MPX_3511775,Haagen Dazs Pralines and cream Prem 400g,6.99,17.48,"['Surgelés', 'Glace et Dessert glacé', 'Pot et Mini pot de glace']",Häagen-Dazs,True,False,false,2.0,MONTH,400g,['Produit congelé'],https://courses.monoprix.fr/images-v3/0c44253f-c4a3-4340-9d37-d41e42b9d14a/0d7e4209-877c-4cb4-9809-ebf8a9ffefe7/300x300.jpg
Surgelés,2da002e0-f4c8-4c5d-8aa2-fc855516a8bd,MPX_4574956,Little Moons Glace Mochis Fruit De La Passion Mangue X6-192G,6.19,32.24,"['Surgelés', 'Glace et Dessert glacé', 'Dessert glacé']",Little Moons,True,False,false,6.0,MONTH,192g,"['Produit végétarien', 'Produit congelé', 'Produit vegan']",https://courses.monoprix.fr/images-v3/0c44253f-c4a3-4340-9d37-d41e42b9d14a/1937cdd2-c521-48df-a2a3-b3042044a37a/300x300.jpg
Surgelés,f975356b-7ad2-468f-8f3d-ab1fc280de69,MPX_3511781,Haagen Dazs Minipot Macadamia Prem 324g,8.09,24.97,"['Nos sélections', 'Inspiration du moment', '& Vague de fraîcheur', 'Surgelés']",Häagen-Dazs,True,False,false,2.0,MONTH,324g,['Produit congelé'],https://courses.monoprix.fr/images-v3/0c44253f-c4a3-4340-9d37-d41e42b9d14a/c8c3b806-ac80-42dc-971b-a6e15ba8a6a6/300x300.jpg
Surgelés,cd3e3c11-4ff0-4c0a-b1f6-66123f12c2a4,MPX_4003004,Mccain Rösti de pomme de terre & d'oignons  800g,2.75,3.44,"['Surgelés', 'Frites et Pommes de terre surgelées', 'Pommes Rösti']",McCain,True,False,false,6.0,MONTH,800g,['Produit congelé'],https://courses.monoprix.fr/images-v3/0c44253f-c4a3-4340-9d37-d41e42b9d14a/f72f1890-696a-420c-8807-d89a31ec0974/300x300.jpg
Surgelés,8fa1a719-7796-4574-810e-dad39aa1b6cd,MPX_3511777,Haagen Dazs Minipot Favorite Selection 318g,8.09,25.44,"['Surgelés', 'Glace et Dessert glacé', 'Pot et Mini pot de glace']",Häagen-Dazs,True,False,false,2.0,MONTH,318g,['Produit congelé'],https://courses.monoprix.fr/images-v3/0c44253f-c4a3-4340-9d37-d41e42b9d14a/cf018391-1d12-4be4-a2c9-ccd54933552f/300x300.jpg
Surgelés,5157e4ba-5182-4d28-b166-468022664dea,MPX_3953126,Monoprix Bâtonnets Panés à l'Emmental 240g,4.69,19.54,"['Surgelés', 'Apéritif, Entrée et Snack surgelés', 'Entrées, Feuilletées et Coquilles surgelés']",Monoprix,True,False,false,6.0,MONTH,240g,['Produit congelé'],https://courses.monoprix.fr/images-v3/0c44253f-c4a3-4340-9d37-d41e42b9d14a/b4987f57-43e0-49dc-bcb1-add11b9bdba0/300x300.jpg
Surgelés,4d4fec65-9a9f-429e-a6e0-d324289d2b6e,MPX_3728982,Häagen-Dazs 4 mini Cup Fruits 326g,8.29,25.83,"['Surgelés', 'Glace et Dessert glacé', 'Pot et Mini pot de glace']",Häagen-Dazs,True,False,false,2.0,MONTH,321g,['Produit congelé'],https://courses.monoprix.fr/images-v3/0c44253f-c4a3-4340-9d37-d41e42b9d14a/e3efd931-9a90-415a-b2d7-0533e54c6a59/300x300.jpg
Surgelés,bdcd3e87-5040-44d9-9337-20c30cca014d,MPX_6692800,Monoprix 10 yakitori poulet recette Japonaise 250g,6.35,25.4,"['Surgelés', 'Produits du monde', 'Japon']",Monoprix,True,False,false,6.0,MONTH,250g,['Produit congelé'],https://courses.monoprix.fr/images-v3/0c44253f-c4a3-4340-9d37-d41e42b9d14a/a17f38f2-737b-4db9-967c-68080e2edc46/300x300.jpg
Surgelés,f78fc253-3e71-4978-a4fd-0860a3388f16,MPX_6592843,Häagen-Dazs x Pierre Hermé pot macaron fraise framboise 364g,6.99,19.2,"['Surgelés', 'Glace et Dessert glacé', 'Bac Crème glacée et Sorbet']",Häagen-Dazs,True,False,false,2.0,MONTH,364g,['Produit congelé'],https://courses.monoprix.fr/images-v3/0c44253f-c4a3-4340-9d37-d41e42b9d14a/7001b9dd-f2a6-42fa-98c5-4558502a7660/300x300.jpg
Surgelés,82300f35-fa4a-474f-ac3f-8bd826fa8a7a,MPX_3959736,Bonduelle Légumes cuisinés La poêlée Paysanne 750g,3.99,5.32,"['Surgelés', 'Légumes surgelés', 'Légumes cuisinés surgelés']",Bonduelle,True,False,false,2.0,MONTH,750g,"['Produit végétarien', 'Produit congelé']",https://courses.monoprix.fr/images-v3/0c44253f-c4a3-4340-9d37-d41e42b9d14a/1b152445-f6de-4d34-affb-8da0915a8b7f/300x300.jpg
Surgelés,249a8d19-b6f8-46d4-ba80-667973b469cf,MPX_3329219,Grom Glace Pot Vanille 325g,7.99,24.58,"['Surgelés', 'Glace et Dessert glacé', 'Pot et Mini pot de glace']",Grom,True,False,false,2.0,MONTH,325g,['Produit congelé'],https://courses.monoprix.fr/images-v3/0c44253f-c4a3-4340-9d37-d41e42b9d14a/e3e1caf3-d7cf-4217-9b26-e4a25b114d00/300x300.jpg
Surgelés,3a7bacc5-ea19-430a-9aa2-4cb09adeb6ca,MPX_6672290,Monoprix cannelloni ricotta épinards 600g,5.89,9.82,"['Surgelés', 'Plats cuisinés surgelés', 'Plat pour 2']",Monoprix,True,False,false,6.0,MONTH,600g,['Produit congelé'],https://courses.monoprix.fr/images-v3/0c44253f-c4a3-4340-9d37-d41e42b9d14a/0093a6c6-c404-428e-bf7f-b9e64576ee39/300x300.jpg
Surgelés,85ca534e-e2a7-4047-8731-55bf4b794da2,MPX_4056837,Findus Colin d'Alaska extra croustillant à la bordelaise 380g,5.49,14.45,"['Surgelés', 'Plats cuisinés surgelés', 'Plat familial']",Findus,True,False,false,6.0,MONTH,380g,['Produit congelé'],https://courses.monoprix.fr/images-v3/0c44253f-c4a3-4340-9d37-d41e42b9d14a/4d6de1d6-aeac-49ad-914c-d11888d23eaa/300x300.jpg
Surgelés,995d5fad-4181-49e8-bd88-f4a93d1fe87a,MPX_3511766,Haagen Dazs Pot Dulce de leche 400g,6.99,17.48,"['Surgelés', 'Glace et Dessert glacé', 'Pot et Mini pot de glace']",Häagen-Dazs,True,False,false,2.0,MONTH,400g,['Produit congelé'],https://courses.monoprix.fr/images-v3/0c44253f-c4a3-4340-9d37-d41e42b9d14a/07433123-dd9d-481c-8570-0b67c977e21b/300x300.jpg
Surgelés,3ff00c1b-1cc5-4bc4-8ae6-6d3fc7d606c4,MPX_2562635,Monoprix Sorbet framboise 540g,3.99,7.39,"['Surgelés', 'Glace et Dessert glacé', 'Les Glaces Monoprix']",Monoprix,True,False,false,6.0,MONTH,540g,['Produit congelé'],https://courses.monoprix.fr/images-v3/0c44253f-c4a3-4340-9d37-d41e42b9d14a/65f66dff-27e6-4faa-ad6c-93f84484c5d8/300x300.jpg
Surgelés,a6e2d979-8e61-4d66-ad89-3fe778c2d6da,MPX_4124172,Nuii Glace caramel White Chocolate & Texan Pecan 264g,4.89,18.52,"['Surgelés', 'Glace et Dessert glacé', 'Bâtonnet de glace']",Nuii,True,False,false,6.0,MONTH,264g,['Produit congelé'],https://courses.monoprix.fr/images-v3/0c44253f-c4a3-4340-9d37-d41e42b9d14a/804cbc3f-66c2-4aed-a9d2-47c10105df48/300x300.jpg
Surgelés,e4223a2f-9c7b-4dd0-b055-a03ac32d5a19,MPX_4236047,Mars Barres glacées x7 280g,4.99,17.82,"['Surgelés', 'Glace et Dessert glacé', 'Barre glacée']",Mars,True,False,false,1.0,YEAR,280g,"['Produit halal', 'Produit congelé', 'Produit casher']",https://courses.monoprix.fr/images-v3/0c44253f-c4a3-4340-9d37-d41e42b9d14a/a123c3d6-5053-4d64-b5eb-9170857c76cf/300x300.jpg
Surgelés,7f9276bd-984a-4220-8d81-e42034e38172,MPX_4889789,Nuii Bâtonnets Glacés New York Cookies & Cream x4 268g,4.45,16.6,"['Surgelés', 'Glace et Dessert glacé', 'Bâtonnet de glace']",Nuii,True,False,false,6.0,MONTH,268g,['Produit congelé'],https://courses.monoprix.fr/images-v3/0c44253f-c4a3-4340-9d37-d41e42b9d14a/80604029-2f3e-4fab-8981-d88698abaf81/300x300.jpg
Surgelés,d40e56ae-1304-4033-96c7-258cd24a15ba,MPX_3303590,Galbani Croccante alla Mozzarella 6x25g,3.29,21.93,"['Produits Laitiers, Œufs et Fromages', 'Fromages à cuisiner, raclettes et apéritifs', 'Fromages apéritifs et salades']",Galbani,True,False,false,2.0,WEEK,150g,[],https://courses.monoprix.fr/images-v3/0c44253f-c4a3-4340-9d37-d41e42b9d14a/928c28d6-783d-467f-a9dc-9bbfae930357/300x300.jpg
Surgelés,6cbc1b99-0b8e-4aea-a4aa-deee17f5e9c0,MPX_6614964,Monoprix chocolat noisette façon rocher 505g,2.99,5.92,"['Surgelés', 'Glace et Dessert glacé', 'Les Glaces Monoprix']",Monorpix,True,False,false,6.0,MONTH,505g,['Produit congelé'],https://courses.monoprix.fr/images-v3/0c44253f-c4a3-4340-9d37-d41e42b9d14a/2cbafce2-de3e-4d43-bfb0-7dda77d16a35/300x300.jpg
Surgelés,b65d1edc-cb53-4deb-b4ac-5a6c4355c7c8,MPX_1700891,"Monoprix Noix de Saint-Jacques, avec corail, origine Pérou 400g",13.5,33.75,"['Nos recettes', 'Recettes de Chefs', ""&Danny Khezzar - Recette beurre blanc au piment d'espelette""]",Monoprix,True,False,false,6.0,MONTH,400g,['Produit congelé'],https://courses.monoprix.fr/images-v3/0c44253f-c4a3-4340-9d37-d41e42b9d14a/8be7719c-ed3b-4c1d-ac74-eefe5e868ae0/300x300.jpg
Surgelés,32faee25-3857-4bae-a269-d1c221d08426,MPX_4574954,Little Moons Mochis Glacé Vanille 192g,6.19,32.24,"['Surgelés', 'Glace et Dessert glacé', 'Dessert glacé']",Little Moons,True,False,false,6.0,MONTH,192g,"['Produit végétarien', 'Produit congelé']",https://courses.monoprix.fr/images-v3/0c44253f-c4a3-4340-9d37-d41e42b9d14a/400f8ad0-4016-47eb-8096-bc1d52816572/300x300.jpg
Surgelés,2debc146-abd9-44a9-b5d6-55364bc84551,MPX_6613885,Monoprix vanille pécan sauce caramel beurre salé 509g,3.49,6.86,"['Surgelés', 'Glace et Dessert glacé', 'Les Glaces Monoprix']",Monoprix,True,False,false,6.0,MONTH,509g,['Produit congelé'],https://courses.monoprix.fr/images-v3/0c44253f-c4a3-4340-9d37-d41e42b9d14a/b63e2607-c39b-451a-981c-f3c5f134a147/300x300.jpg
Surgelés,ad62b7c3-028c-4052-8e63-341ecfd47e10,MPX_3944022,Marie tarte au saumon poireaux à la crème 400g,4.59,11.48,"['Surgelés', 'Pizza, Quiche et Tarte surgelées', 'Quiche et Tarte surgelées']",Marie,True,False,false,6.0,MONTH,400g,['Produit congelé'],https://courses.monoprix.fr/images-v3/0c44253f-c4a3-4340-9d37-d41e42b9d14a/45385f34-13c1-453f-b51b-474e36c5437f/300x300.jpg
Surgelés,d6432889-0c2a-4b5b-b1d2-828556409c3e,MPX_2653957,Monoprix Poulet tikka accompagné de riz basmati 300 g,3.45,11.5,"['Mes marques Monoprix', 'Monoprix', 'Surgelés', 'Plat Cuisiné']",Monoprix,True,False,false,6.0,MONTH,300g,['Produit congelé'],https://courses.monoprix.fr/images-v3/0c44253f-c4a3-4340-9d37-d41e42b9d14a/9ce76aea-6dca-47b6-aacb-932938f5c352/300x300.jpg
Surgelés,c83e68d4-4b1c-4ba3-8681-353b0dc323c0,MPX_6716445,Magnum Euphoria framboise citron x3,3.99,19.18,"['Surgelés', 'Glace et Dessert glacé', 'Bâtonnet de glace']",Magnum,True,False,false,2.0,MONTH,208g,['Produit congelé'],https://courses.monoprix.fr/images-v3/0c44253f-c4a3-4340-9d37-d41e42b9d14a/95116359-c214-4eae-9473-338f10759d7a/300x300.jpg
Surgelés,4387dcef-5b05-4627-b072-d545938ee7a3,MPX_2587713,Monoprix Gourmet 2 Pavés de saumon sauvage MSC avec peau 300g,13.5,45.0,"['Surgelés', 'Poissons et Crustacés surgelés', 'Poisson nature surgelé']",Monoprix Gourmet,True,False,false,6.0,MONTH,300g,['Produit congelé'],https://courses.monoprix.fr/images-v3/0c44253f-c4a3-4340-9d37-d41e42b9d14a/ccdc418a-244d-470c-8839-5023c732b036/300x300.jpg
Surgelés,48b70cad-88c0-4dc1-9c53-84070c275538,MPX_2612044,"Twix Barres glacées au chocolat au lait fourrées au caramel x6 205,2g",2.99,14.59,"['Surgelés', 'Glace et Dessert glacé', 'Barre glacée']",Twix,True,False,false,2.0,MONTH,205g,"['Produit halal', 'Produit congelé', 'Produit casher']",https://courses.monoprix.fr/images-v3/0c44253f-c4a3-4340-9d37-d41e42b9d14a/b678c814-954e-4bdd-8800-a841ca884eb7/300x300.jpg
Surgelés,be045f0d-3319-4626-9981-2f33a7de827e,MPX_3511765,Haagen Dazs Pot Cookie dough chip 394g,6.99,17.74,"['Surgelés', 'Glace et Dessert glacé', 'Pot et Mini pot de glace']",Häagen-Dazs,True,False,false,2.0,MONTH,394g,['Produit congelé'],https://courses.monoprix.fr/images-v3/0c44253f-c4a3-4340-9d37-d41e42b9d14a/e1454cdf-ab32-45e0-97d7-595e21a63664/300x300.jpg
Surgelés,9719f309-227e-4b28-ad4b-9210aba30d2f,MPX_4207387,Monoprix Cocktail fruit de mer msc 400g,8.09,20.23,"['Surgelés', 'Poissons et Crustacés surgelés', 'Crustacé et Mollusque surgelé']",Monoprix,True,False,false,6.0,MONTH,400g,['Produit congelé'],https://courses.monoprix.fr/images-v3/0c44253f-c4a3-4340-9d37-d41e42b9d14a/d9f1df0a-790f-4415-9f20-a98eafdb470c/300x300.jpg
Surgelés,dcc11f5e-bd12-44da-9d94-c16a77cd85dc,MPX_2189697,Oasis Sorbet Bâtonnets glacés Cocktail Tropical x10 400g,2.95,7.38,"['Surgelés', 'Glace et Dessert glacé', 'Bâtonnet de glace']",Oasis,True,False,false,6.0,MONTH,400g,['Produit congelé'],https://courses.monoprix.fr/images-v3/0c44253f-c4a3-4340-9d37-d41e42b9d14a/e77f9c3e-d7fa-4b54-9df4-6d70cf92be9a/300x300.jpg
Surgelés,6ac70af1-f742-4a7c-b585-9b723321f257,MPX_3511772,Haagen Dazs Pot Vanilla caramel brownie 386g,6.99,18.11,"['Surgelés', 'Glace et Dessert glacé', 'Pot et Mini pot de glace']",Häagen-Dazs,True,False,false,2.0,MONTH,386g,['Produit congelé'],https://courses.monoprix.fr/images-v3/0c44253f-c4a3-4340-9d37-d41e42b9d14a/528ebe50-6cae-4813-a771-8d9200300394/300x300.jpg
Surgelés,c3375466-18b9-4673-a957-71b7e75d6bc0,MPX_1033469,Label Rouge pizza trois fromages surgelées 430g,9.45,21.98,"['Surgelés', 'Pizza, Quiche et Tarte surgelées', 'Pizza surgelée']",La pizza de Manosque,True,False,false,2.0,MONTH,430g,['Produit congelé'],https://courses.monoprix.fr/images-v3/0c44253f-c4a3-4340-9d37-d41e42b9d14a/bece61c0-3fcb-45cd-a9da-897046ab1bf2/300x300.jpg
Surgelés,a523ee30-0669-46d5-b380-0a94edf44934,MPX_4015403,Haagen Dazs Glace Speculoos Biscuits Caramel & Crème 400g,6.99,17.48,"['Surgelés', 'Glace et Dessert glacé', 'Pot et Mini pot de glace']",Häagen-Dazs,True,False,false,2.0,MONTH,400g,['Produit congelé'],https://courses.monoprix.fr/images-v3/0c44253f-c4a3-4340-9d37-d41e42b9d14a/b9896afc-72a9-4365-81da-c1c15d01fac0/300x300.jpg
Surgelés,b571554c-66da-4958-9149-516c41cf001c,MPX_2441471,Charal Steaks Hachés  L'Authentique Pur Bœuf 10% M.G 8*125g,16.9,16.9,"['Surgelés', 'Viandes surgelées', 'Steak et Steak haché surgelés']",Charal,True,False,false,2.0,MONTH,8 x 125g,['Produit congelé'],https://courses.monoprix.fr/images-v3/0c44253f-c4a3-4340-9d37-d41e42b9d14a/00f0f724-ead6-40e8-88df-849900907563/300x300.jpg
Surgelés,9d3d3a93-db95-4170-8fb0-23ae2a2b83b6,MPX_4029006,"Mc Cain Golden Allumettes Frites 1,30kg",4.49,3.45,"['Surgelés', 'Frites et Pommes de terre surgelées', 'Frites surgelées', 'Frite au four']",Mccain,True,False,false,6.0,MONTH,1.3kg,['Produit congelé'],https://courses.monoprix.fr/images-v3/0c44253f-c4a3-4340-9d37-d41e42b9d14a/c4bb9474-2c44-4054-9daa-5718cd9cea0c/300x300.jpg
Surgelés,751394e7-9bf5-4d6f-8fe0-f03a51659b79,MPX_1401910,Monoprix poêlée champêtre surgelé 1 kg,4.49,4.49,"['Nos sélections', 'Inspiration du moment', '& Sélection formats familiaux', 'Surgelés']",Monoprix,True,False,false,6.0,MONTH,1kg,['Produit congelé'],https://courses.monoprix.fr/images-v3/0c44253f-c4a3-4340-9d37-d41e42b9d14a/2f45868f-8d9d-43d6-bafc-67de90dd387e/300x300.jpg
Surgelés,f1cacd26-2e4f-4e40-a662-c9b40b255fa9,MPX_5364462,Monoprix crème glacé au café 500g,3.49,6.98,"['Surgelés', 'Glace et Dessert glacé', 'Les Glaces Monoprix']",Monoprix,True,False,false,6.0,MONTH,500g,['Produit congelé'],https://courses.monoprix.fr/images-v3/0c44253f-c4a3-4340-9d37-d41e42b9d14a/8a1f7075-6641-4ac1-8dae-369fbbab51f6/300x300.jpg
Surgelés,06ae595e-4f81-41b8-936c-d281cfdf273b,MPX_6680069,Pizzaiolo la pizza Delamama Six Fromagio surgelé 480g,5.79,12.06,"['Surgelés', 'Pizza, Quiche et Tarte surgelées', 'Pizza surgelée']",Pizzaiolo,True,False,false,2.0,MONTH,480g,['Produit congelé'],https://courses.monoprix.fr/images-v3/0c44253f-c4a3-4340-9d37-d41e42b9d14a/ce3a3b2a-271a-4eff-b42e-0d72649bb1db/300x300.jpg
Surgelés,d1ba6203-cc31-4df3-bb6d-f0c6a4d27d43,MPX_6609894,Goodfella's pizza margherita 345g,3.99,11.57,"['Surgelés', 'Pizza, Quiche et Tarte surgelées', 'Pizza surgelée']",Goodfella's,True,False,false,2.0,MONTH,345g,['Produit congelé'],https://courses.monoprix.fr/images-v3/0c44253f-c4a3-4340-9d37-d41e42b9d14a/cfda2af3-2812-4f1d-8c7d-305fe429d257/300x300.jpg
Surgelés,6ad80fe8-3a8d-4c74-b7a4-c81d74d6fe08,MPX_1837279,Monoprix Tarte Tatin Caramélisée Pâte Pur Beurre Surgelée 600 G,7.55,12.58,"['Nos régions de France', 'Centre Val de Loire', 'Confiseries, chocolats et biscuits']",Monoprix,True,False,false,2.0,MONTH,600g,['Produit congelé'],https://courses.monoprix.fr/images-v3/0c44253f-c4a3-4340-9d37-d41e42b9d14a/b56a181b-2f6f-4144-8f51-3800ca5d1bf8/300x300.jpg
Surgelés,9088b5c1-e0db-44c1-a2d2-3b205dce6265,MPX_1525143,Monoprix Croquettes panées de poisson ail et fines herbes 300g,2.99,9.97,"['Nos sélections', 'Boutique Enfants', 'Repas facile pour les enfants', 'Repas']",Monoprix,True,False,false,6.0,MONTH,300g,['Produit congelé'],https://courses.monoprix.fr/images-v3/0c44253f-c4a3-4340-9d37-d41e42b9d14a/a02e8dde-db4b-443f-8683-63858b96c4d6/300x300.jpg
Surgelés,8cb63a5f-29a3-4815-b517-8a46eb1a97c3,MPX_5836520,Clement Faugier Glace À La Crème De Marrons 320G,6.49,20.28,"['Surgelés', 'Glace et Dessert glacé', 'Pot et Mini pot de glace']",Clement Faugier,True,False,false,6.0,MONTH,320g,['Produit congelé'],https://courses.monoprix.fr/images-v3/0c44253f-c4a3-4340-9d37-d41e42b9d14a/0bf15674-c204-4433-8522-6ec307a571cd/300x300.jpg
Surgelés,dd1248b8-4bb2-457c-847a-64dc99a71999,MPX_3291874,Mccain Frites Tradition 1.300 G,5.49,4.22,"['Nos sélections', 'Inspiration du moment', '& Barbecue', 'Surgelé']",McCain,True,False,false,6.0,MONTH,1.3kg,['Produit congelé'],https://courses.monoprix.fr/images-v3/0c44253f-c4a3-4340-9d37-d41e42b9d14a/11a4346a-8f37-45c9-a028-3175f5092901/300x300.jpg
Surgelés,1912cf80-d533-48b8-9be3-a98bca49727b,MPX_6645641,Manifatura Pizza Poulet et pesto 380g,6.99,18.39,"['Surgelés', 'Pizza, Quiche et Tarte surgelées', 'Pizza surgelée']",Manifattura,True,False,false,2.0,MONTH,380g,['Produit congelé'],https://courses.monoprix.fr/images-v3/0c44253f-c4a3-4340-9d37-d41e42b9d14a/96cc113d-f5eb-43d5-9f1d-f96de94edf53/300x300.jpg
Surgelés,2c32d093-7fae-463d-a9f6-944985b83f4f,MPX_6666833,Carte d'Or Crème Glacée Café Arabica 374gr,3.99,10.67,"['Surgelés', 'Glace et Dessert glacé', 'Bac Crème glacée et Sorbet']",Carte d'or,True,False,false,2.0,MONTH,374g,['Produit congelé'],https://courses.monoprix.fr/images-v3/0c44253f-c4a3-4340-9d37-d41e42b9d14a/61f905cd-ab68-4d54-a1d6-4e8158e53c87/300x300.jpg
Surgelés,55561339-d1bd-4c69-bd47-2b987eb92256,MPX_6582265,Monoprix Gourmet pizza thon mozzarella 445g,5.59,12.56,"['Surgelés', 'Pizza, Quiche et Tarte surgelées', 'Pizza surgelée']",Monoprix Gourmet,True,False,false,2.0,MONTH,445g,['Produit congelé'],https://courses.monoprix.fr/images-v3/0c44253f-c4a3-4340-9d37-d41e42b9d14a/71469119-056d-4a6c-999d-55be13b525cd/300x300.jpg
Surgelés,67a55ad3-d08f-42df-bcf5-1850c096c6b9,MPX_2064658,Marie Petites Escalopes de Volaille et penne 900g,5.99,6.66,"['Surgelés', 'Plats cuisinés surgelés', 'Plat familial']",MARIE,True,False,false,6.0,MONTH,900g,['Produit congelé'],https://courses.monoprix.fr/images-v3/0c44253f-c4a3-4340-9d37-d41e42b9d14a/ab8313a4-db59-41b1-a8ce-0e44f834c76f/300x300.jpg
Surgelés,e90fe30f-1fb0-4e3d-aba4-17a42c5375e7,MPX_3304436,Monoprix Bio  Crème glacée artisanale vanille Bourbon pot 334g,5.99,17.93,"['Surgelés', 'Glace et Dessert glacé', 'Dessert glacé bio']",Monoprix Bio,True,False,false,2.0,MONTH,334g,"['Produit congelé', 'Produit bio']",https://courses.monoprix.fr/images-v3/0c44253f-c4a3-4340-9d37-d41e42b9d14a/820aaec3-4fa1-49f5-b886-fe5dde46b3ab/300x300.jpg
Surgelés,a9969a62-61ba-4f66-ad65-8ff51933da3c,MPX_3511771,Haagen Dazs Pot Strawberry cheesecake 400g,6.99,17.48,"['Surgelés', 'Glace et Dessert glacé', 'Pot et Mini pot de glace']",Häagen-Dazs,True,False,false,2.0,MONTH,400g,['Produit congelé'],https://courses.monoprix.fr/images-v3/0c44253f-c4a3-4340-9d37-d41e42b9d14a/199ed3cb-589c-4f2b-a1b4-b9ef3a8d86ea/300x300.jpg
Surgelés,31d95d0d-0ec6-488e-8ac9-3a0cea10eafc,MPX_3873333,"Mars Classic Glace Chocolat/Caramel Beurre Salé x6 223,8g",4.09,18.28,"['Surgelés', 'Glace et Dessert glacé', 'Barre glacée']",Mars,True,False,false,1.0,YEAR,223.8g,"['Produit halal', 'Produit congelé', 'Produit casher']",https://courses.monoprix.fr/images-v3/0c44253f-c4a3-4340-9d37-d41e42b9d14a/05fac739-276f-4bcb-9307-c144323c7366/300x300.jpg
Surgelés,a3fb7be9-d2bf-4fef-a465-be8aaeb98105,MPX_2936391,Marie Pizza Crousti-Moelleuse À L'Américaine 530G,4.99,9.42,"['Surgelés', 'Pizza, Quiche et Tarte surgelées', 'Pizza surgelée']",Marie,True,False,false,6.0,MONTH,530g,['Produit congelé'],https://courses.monoprix.fr/images-v3/0c44253f-c4a3-4340-9d37-d41e42b9d14a/570d6641-d4aa-4f9d-b637-8358a5394fab/300x300.jpg
Surgelés,407a4af7-bbc3-4b9a-ac91-a5580d24284f,MPX_2799364,Marie Nouilles à la chinoise au poulet & légumes croquants 900g,6.49,7.21,"['Surgelés', 'Plats cuisinés surgelés', 'Plat familial']",MARIE,True,False,false,6.0,MONTH,900g,['Produit congelé'],https://courses.monoprix.fr/images-v3/0c44253f-c4a3-4340-9d37-d41e42b9d14a/9574840e-1f3b-4f59-8ecb-a7e6f7beceb5/300x300.jpg
Surgelés,3660e6eb-2d4c-4261-bdfc-32c509a4802f,MPX_6672325,Feuilletés chèvre épinards 2x120g,3.99,16.63,"['Surgelés', 'Apéritif, Entrée et Snack surgelés', 'Entrées, Feuilletées et Coquilles surgelés']",No Name,True,False,false,1.0,WEEK,2 x 120g,[],https://courses.monoprix.fr/images-v3/0c44253f-c4a3-4340-9d37-d41e42b9d14a/85d18e53-40ee-4514-9d0a-4d9fe76f1fb7/300x300.jpg
Surgelés,e3e93e29-9c64-4f24-a043-88fc6704e6be,MPX_3954362,Monoprix 4 Filets Meunière de Colin d'Alaska MSC 400g,6.25,15.63,"['Surgelés', 'Poissons et Crustacés surgelés', 'Poisson nature surgelé']",Monoprix,True,False,false,6.0,MONTH,400g,['Produit congelé'],https://courses.monoprix.fr/images-v3/0c44253f-c4a3-4340-9d37-d41e42b9d14a/e814591d-ed20-4370-81bf-d34539895011/300x300.jpg
Surgelés,53d7457c-d3f0-442a-b3c7-98f7486e09db,MPX_4028182,Charal bio steacks hachés 12% matières grasses 8x 100g,16.9,21.13,"['Surgelés', 'Viandes surgelées', 'Steak et Steak haché surgelés']",Charal,True,False,false,2.0,MONTH,800g,"['Produit congelé', 'Produit bio']",https://courses.monoprix.fr/images-v3/0c44253f-c4a3-4340-9d37-d41e42b9d14a/32263bce-ed36-4a5e-9d5e-e306ef990a91/300x300.jpg
Surgelés,0dfda496-1f99-4350-b334-e7c4a3594b02,MPX_3624260,"Bonduelle Patate douce, edamame butternut & boulgour légumes cuisinés 500g",3.69,7.38,"['Surgelés', 'Légumes surgelés', 'Légumes cuisinés surgelés']",Bonduelle,True,False,false,6.0,MONTH,500g,['Produit congelé'],https://courses.monoprix.fr/images-v3/0c44253f-c4a3-4340-9d37-d41e42b9d14a/ef87064c-71db-4fd7-a325-3318ac4b8ed8/300x300.jpg
Surgelés,9a5e3983-0fed-4368-b143-24bf42cc0c77,MPX_6713678,Häagen-Dazs Pot Macaron Vanilla & Blueberry 420ml,6.49,17.83,"['Nos sélections', 'Nouveau sur le site', 'Surgelés']",Häagen-Dazs,True,False,false,2.0,MONTH,364g,['Produit congelé'],https://courses.monoprix.fr/images-v3/0c44253f-c4a3-4340-9d37-d41e42b9d14a/d00675ee-5183-4f5a-be31-389af246a970/300x300.jpg
Surgelés,88d23633-af0d-4659-b040-d121fa732bac,MPX_6751766,Mini Feuilletés Aux Escargots 145g Danny Khezzar & Monoprix,5.49,37.86,"['Surgelés', 'La boutique Danny Khezzar', 'Danny Khezzar']",Danny Khezzar x Monoprix,True,False,false,2.0,MONTH,145g,['Produit congelé'],https://courses.monoprix.fr/images-v3/0c44253f-c4a3-4340-9d37-d41e42b9d14a/e990e5ef-cc30-42bb-afb2-1294d231e4b9/300x300.jpg
Surgelés,28f393de-3912-49ed-903e-5f2f20f8e713,MPX_2189691,"Marie Penne Au Saumon À La Crème, Tomates Et Basilic 900g",6.99,7.77,"['Surgelés', 'Plats cuisinés surgelés', 'Plat familial']",MARIE,True,False,false,6.0,MONTH,900g,['Produit congelé'],https://courses.monoprix.fr/images-v3/0c44253f-c4a3-4340-9d37-d41e42b9d14a/72176a56-9fea-445e-90fd-910e14f7cd9d/300x300.jpg
Surgelés,f10bfb8e-216f-4812-ab1c-c13c8a73d34e,MPX_4109926,Monoprix Colin D'Alaska Façon Fish&Chips 400G,6.25,15.63,"['Surgelés', 'Poissons et Crustacés surgelés', 'Poisson pané surgelé']",Monoprix,True,False,false,2.0,MONTH,400g,['Produit congelé'],https://courses.monoprix.fr/images-v3/0c44253f-c4a3-4340-9d37-d41e42b9d14a/1068d1d4-19d3-41c2-b782-30aa2332fa7f/300x300.jpg
Surgelés,6e381dda-09eb-43b2-a5ae-09a97f5acab1,MPX_3511769,Haagen Dazs Pot Peanut Butter Crunch Prem 400g,6.99,17.48,"['Surgelés', 'Glace et Dessert glacé', 'Pot et Mini pot de glace']",Häagen-Dazs,True,False,false,2.0,MONTH,400g,['Produit congelé'],https://courses.monoprix.fr/images-v3/0c44253f-c4a3-4340-9d37-d41e42b9d14a/034fc52a-2d2d-48ba-8183-e838fe7de79d/300x300.jpg
Surgelés,737d05b4-a494-461d-bc7c-480ff9296568,MPX_4123311,Monoprix Bio Queues de crevette cuite 250g,8.59,34.36,"['Nos recettes', 'Recettes de Chefs', '& Sphaghettoni bouillon de crevettes']",Monoprix Bio,True,False,false,6.0,MONTH,250g,['Produit congelé'],https://courses.monoprix.fr/images-v3/0c44253f-c4a3-4340-9d37-d41e42b9d14a/50b6decc-cc1b-4acc-ada5-f686a2c43066/300x300.jpg
Surgelés,34b7ef4c-28a4-437c-a58c-5ce73e1e85e6,MPX_6666834,Carte D'Or Ice Cream Dessert Chocolat Noir 374g,3.99,10.67,"['Surgelés', 'Glace et Dessert glacé', 'Bac Crème glacée et Sorbet']",Carte d'or,True,False,false,2.0,MONTH,374g,['Produit congelé'],https://courses.monoprix.fr/images-v3/0c44253f-c4a3-4340-9d37-d41e42b9d14a/b8dcd28e-4e90-4694-849d-be717e789b58/300x300.jpg
Surgelés,b3d7ffe0-1034-4f34-ae8f-da8e5d6d0616,MPX_6673424,Monoprix mini gougères au comté aop 140g,3.99,28.5,"['Surgelés', 'Apéritif, Entrée et Snack surgelés', 'Apéritif surgelé']",Monoprix,True,False,false,6.0,MONTH,140g,['Produit congelé'],https://courses.monoprix.fr/images-v3/0c44253f-c4a3-4340-9d37-d41e42b9d14a/795b5001-db64-47e7-a453-da0cc8a9e37d/300x300.jpg
Surgelés,23440e7e-fb39-4bb0-a8c8-d810224124e3,MPX_6566458,Smarties Pop Up Vanille 4x52g,4.99,23.99,"['Surgelés', 'Glace et Dessert glacé', 'Bâtonnet de glace']",Smarties,True,False,false,6.0,MONTH,4 x 52g,['Produit congelé'],https://courses.monoprix.fr/images-v3/0c44253f-c4a3-4340-9d37-d41e42b9d14a/dd91d077-892f-4c49-857e-e28ef0967e0e/300x300.jpg
Surgelés,5ca60223-72e6-48f8-abb6-035b769a3fe6,MPX_6708745,Hari&Co Haché Végétal Bio 400g,5.39,13.48,"['Régimes alimentaires', 'Végétal', 'Protéine végétale']",Hari&Co,True,False,false,6.0,MONTH,400g,"['Produit congelé', 'Produit vegan', 'Produit bio']",https://courses.monoprix.fr/images-v3/0c44253f-c4a3-4340-9d37-d41e42b9d14a/536116ca-72e5-4254-a32e-abe96f010e8a/300x300.jpg
Surgelés,6379789f-d570-4120-ac26-1750fe58cbe9,MPX_2308124,Nestlé Cônes glacés fraise et vanille x6 426g,4.49,10.54,"['Surgelés', 'Glace et Dessert glacé', 'Cône glacé']",Extrême,True,False,false,6.0,MONTH,426g,['Produit congelé'],https://courses.monoprix.fr/images-v3/0c44253f-c4a3-4340-9d37-d41e42b9d14a/66dbb8e7-8d25-4dd7-9bc6-a6b64f94e482/300x300.jpg
Surgelés,dfa2780d-92ff-464b-b609-f84f55533a1c,MPX_3728845,Côte d'Or 4 Bâtonnets Vanille Chocolat Lait Noisette 260g,5.25,20.19,"['Surgelés', 'Glace et Dessert glacé', 'Bâtonnet de glace']",Côte d'Or,True,False,false,6.0,MONTH,260g,['Produit congelé'],https://courses.monoprix.fr/images-v3/0c44253f-c4a3-4340-9d37-d41e42b9d14a/15f95117-f04d-4ab3-848a-f9ff85075d1e/300x300.jpg
Surgelés,eab11d12-b5f9-4524-976a-4c5af9cb171d,MPX_1922082,Nestlé Extrême Cônes glacés sorbets fruits rouges x6 426g,3.79,8.9,"['Surgelés', 'Glace et Dessert glacé', 'Cône glacé']",Extreme,True,False,false,6.0,MONTH,426g,['Produit congelé'],https://courses.monoprix.fr/images-v3/0c44253f-c4a3-4340-9d37-d41e42b9d14a/43175da9-4a48-4a7c-82fd-adb97b3188ad/300x300.jpg
Surgelés,6c003839-98ec-4882-950a-a403cea4c669,MPX_6618357,Vegeez mexican chili sin carne 400g,3.99,9.98,"['Régimes alimentaires', 'Végétal', 'Plat cuisiné végétal']",Vegeez,True,False,false,6.0,MONTH,400g,['Produit congelé'],https://courses.monoprix.fr/images-v3/0c44253f-c4a3-4340-9d37-d41e42b9d14a/4bc52f3f-58d5-49c9-8cb8-712a605d2eaa/300x300.jpg
Surgelés,4e497b14-dc29-4221-9a44-ca37ff1d4614,MPX_1700884,Monoprix Noix de Saint Jacques sans corail. Calibre moyen 400g,21.9,54.75,"['Nos recettes', 'Recettes de Chefs', ""&Danny Khezzar - Recette beurre blanc au piment d'espelette""]",Monoprix,True,False,false,6.0,MONTH,400g,['Produit congelé'],https://courses.monoprix.fr/images-v3/0c44253f-c4a3-4340-9d37-d41e42b9d14a/361e7f42-3d2a-4825-a0a6-94d97444e7d4/300x300.jpg
Surgelés,822329c5-f5be-4eb1-a5a5-bb802c74755a,MPX_6618096,Eminence Cordons Bleus de Poulet Cuits surgelés 500g,4.99,9.98,"['Surgelés', 'Viandes surgelées', 'Escalope, Nugget et Cordon Bleu surgelés']",Eminence,True,False,false,6.0,MONTH,500g,['Produit congelé'],https://courses.monoprix.fr/images-v3/0c44253f-c4a3-4340-9d37-d41e42b9d14a/db5379e3-cd66-4036-852d-b9b43a627953/300x300.jpg
Surgelés,fcec81f3-260e-41ff-9ba4-9b71a5f76d69,MPX_5114864,Häagen-Dazs Crème Glacée Cookies & Cream 386g,7.29,18.89,"['Surgelés', 'Glace et Dessert glacé', 'Pot et Mini pot de glace']",Häagen-Dazs,True,False,false,2.0,MONTH,386g,['Produit congelé'],https://courses.monoprix.fr/images-v3/0c44253f-c4a3-4340-9d37-d41e42b9d14a/6b7f548c-5a47-45a8-b84b-460654536d2f/300x300.jpg
Surgelés,6078a544-cf54-400e-a77b-5726af4e2b22,MPX_6716468,Little Moons Mochis glacés Chocolat Blanc Caramel,5.99,31.2,"['Nos sélections', 'Nouveau sur le site', 'Surgelés']",Little Moons,True,False,false,6.0,MONTH,192g,['Produit congelé'],https://courses.monoprix.fr/images-v3/0c44253f-c4a3-4340-9d37-d41e42b9d14a/ee966a7d-710d-4a0f-9fad-f8cd0e1f01de/300x300.jpg
Surgelés,df8d4b8d-d193-453e-bd67-ebdb6f76c6cb,MPX_6618356,Vegeez mac & greens 400g,3.99,9.98,"['Régimes alimentaires', 'Végétal', 'Plat cuisiné végétal']",Vegeez,True,False,false,6.0,MONTH,400g,['Produit congelé'],https://courses.monoprix.fr/images-v3/0c44253f-c4a3-4340-9d37-d41e42b9d14a/db0f99f4-ddd1-406c-a0c9-6c6aed5b131d/300x300.jpg
Surgelés,f861e84a-d1c4-4764-b5e3-fed97689f924,MPX_6592842,Häagen-Dazs x Pierre Hermé crème glacée macaron yuzu & citron 364g,6.99,19.2,"['Surgelés', 'Glace et Dessert glacé', 'Bac Crème glacée et Sorbet']",Häagen-Dazs,True,False,false,2.0,MONTH,364g,['Produit congelé'],https://courses.monoprix.fr/images-v3/0c44253f-c4a3-4340-9d37-d41e42b9d14a/a1c55377-c84f-405a-a916-61567f356160/300x300.jpg
Surgelés,7ad36df0-544f-4389-9b5e-6ecaaa94c1df,MPX_6747032,Bonduelle Mini Croustis Mexican Maïs Poivron Haricot Rouge 240g,4.39,18.29,"['Nos sélections', 'Nouveau sur le site', 'Surgelés']",Bonduelle,True,False,false,6.0,MONTH,240g,['Produit congelé'],https://courses.monoprix.fr/images-v3/0c44253f-c4a3-4340-9d37-d41e42b9d14a/fc523e59-6e08-4db7-b934-061954414867/300x300.jpg
Surgelés,728fa2f5-79b1-4ebf-8a74-02f52f18cbd0,MPX_4093829,Crosta&Mollica pizza rustica 444g,7.85,17.68,"['Surgelés', 'Pizza, Quiche et Tarte surgelées', 'Pizza surgelée']",Crosta & mollica,True,False,false,2.0,MONTH,444g,['Produit congelé'],https://courses.monoprix.fr/images-v3/0c44253f-c4a3-4340-9d37-d41e42b9d14a/d4aa3593-46bc-40ed-aaa8-c9d2ef4d0185/300x300.jpg
Surgelés,f54d97fd-ed3a-4ab8-9d10-6759ca47edb5,MPX_6754207,Poulet Sauce Girolles Purée 350g Danny Khezzar & Monoprix,5.89,16.83,"['Surgelés', 'La boutique Danny Khezzar', 'Danny Khezzar']",Danny Khezzar x Monoprix,True,False,false,6.0,MONTH,350g,['Produit congelé'],https://courses.monoprix.fr/images-v3/0c44253f-c4a3-4340-9d37-d41e42b9d14a/226723e1-a8e7-4437-b1d6-78fdece3c2ac/300x300.jpg
Surgelés,6cb69f7e-3f44-464e-9cd5-79278b60487e,MPX_6716447,Magnum White & Cockie 3x90ml,3.99,18.14,"['Surgelés', 'Glace et Dessert glacé', 'Bâtonnet de glace']",Magnum,True,False,false,2.0,MONTH,220g,['Produit congelé'],https://courses.monoprix.fr/images-v3/0c44253f-c4a3-4340-9d37-d41e42b9d14a/cd5f9a70-2bc1-4429-9153-a3521d10d01e/300x300.jpg
Surgelés,2de5cd1b-7d92-4c6d-a773-ae9cc89bc926,MPX_6754208,Sauté de Porc Moutarde Duo Riz 350g Danny Khezzar & Monoprix,5.89,16.83,"['Surgelés', 'La boutique Danny Khezzar', 'Danny Khezzar']",Monoprix,True,False,false,6.0,MONTH,350g,['Produit congelé'],https://courses.monoprix.fr/images-v3/0c44253f-c4a3-4340-9d37-d41e42b9d14a/ffe34897-c0a7-4644-99b3-30a3a342e7da/300x300.jpg
Surgelés,4884433e-de63-41e6-9931-1bc61b252cc6,MPX_6613873,Yooji Hachés Saumon MSC et surgelés Dès 4/6 mois 80g,5.49,68.63,"['Surgelés', 'Poissons et Crustacés surgelés', 'Poisson cuisiné surgelé']",Yooji,True,False,false,2.0,MONTH,80g,['Produit congelé'],https://courses.monoprix.fr/images-v3/0c44253f-c4a3-4340-9d37-d41e42b9d14a/868670dd-ca29-4635-9a58-8f5e44527fd2/300x300.jpg
Surgelés,590180c3-be0c-47fd-8df1-edb78753315a,MPX_3391712,Monoprix Sorbet Citron Jaune 606ml,2.49,4.11,"['Nos sélections', 'Inspiration du moment', '& Frigo vide', 'Surgelés']",Monoprix,True,False,false,6.0,MONTH,606ml,['Produit congelé'],https://courses.monoprix.fr/images-v3/0c44253f-c4a3-4340-9d37-d41e42b9d14a/3102034b-b519-449c-ac3e-a5535145c0b2/300x300.jpg
Surgelés,b156c947-9631-4a08-a158-041faa2a0a32,MPX_3511779,Haagen Dazs Haagen 4 minicup vanilla 321g,7.89,24.58,"['Surgelés', 'Glace et Dessert glacé', 'Pot et Mini pot de glace']",Häagen-Dazs,True,False,false,1.0,MONTH,321g,['Produit congelé'],https://courses.monoprix.fr/images-v3/0c44253f-c4a3-4340-9d37-d41e42b9d14a/2c93cc0f-7212-4f6d-ae63-eb1b4be03cae/300x300.jpg
Surgelés,b48ff8ff-e52a-41a6-8093-716957576542,MPX_3329217,Grom Glace Pot Chocolat Noir 336g,7.99,23.78,"['Surgelés', 'Glace et Dessert glacé', 'Pot et Mini pot de glace']",GROM,True,False,false,1.0,MONTH,336g,['Produit congelé'],https://courses.monoprix.fr/images-v3/0c44253f-c4a3-4340-9d37-d41e42b9d14a/f4f1bd4e-3e22-43bf-ba5b-5c2e60a9a3e0/300x300.jpg
Surgelés,4c5226f1-9ef9-49f7-a01e-69206c5ead57,MPX_5601166,Miko Glace Push Up Haribo Bear 54g,2.19,40.56,"['Surgelés', 'Glace et Dessert glacé', 'Bâtonnet de glace']",Haribo,True,False,false,2.0,MONTH,54g,['Produit congelé'],https://courses.monoprix.fr/images-v3/0c44253f-c4a3-4340-9d37-d41e42b9d14a/70349f5e-4a02-4f52-b7fa-6c5b194a68ef/300x300.jpg
Surgelés,c12f1ad2-8c0a-4a6a-adbc-b2a3f444d6db,MPX_6592828,Magnum Glaces Bâtonnets Chocolat Blanc Mangue 4x85ml,5.29,17.63,"['Surgelés', 'Glace et Dessert glacé', 'Bâtonnet de glace']",Magnum,True,False,false,2.0,MONTH,4 x 75g,['Produit congelé'],https://courses.monoprix.fr/images-v3/0c44253f-c4a3-4340-9d37-d41e42b9d14a/48b00493-1ca3-403d-b3b4-8d8dbfd93b52/300x300.jpg
Surgelés,df030cad-ec07-450b-b4e2-b02e3e8db4b0,MPX_6713680,Häagen-Dazs Bouchées Chocolate 8x16ml,6.99,58.25,"['Nos sélections', 'Nouveau sur le site', 'Surgelés']",Häagen-Dazs,True,False,false,2.0,MONTH,120g,"['Produit végétarien', 'Produit congelé']",https://courses.monoprix.fr/images-v3/0c44253f-c4a3-4340-9d37-d41e42b9d14a/c186cef9-d36e-44de-93af-dc216e8011e3/300x300.jpg
Surgelés,b006f613-3a7d-4e30-96d8-777bcb5c76d2,MPX_126952,Monoprix Pommes rissolées préfrites surgelées 1kg,1.85,1.85,"['Nos sélections', 'Inspiration du moment', '& Sélection gros formats', 'Surgelés']",Monoprix,True,False,false,6.0,MONTH,1kg,['Produit congelé'],https://courses.monoprix.fr/images-v3/0c44253f-c4a3-4340-9d37-d41e42b9d14a/f8ad4682-30be-4753-8a94-868b0a610d26/300x300.jpg
Surgelés,892a66eb-40c9-464f-b4b1-4bd4cfc7181c,MPX_1113513,Monoprix petits pois extra fins 1 kg,1.99,1.99,"['Nos sélections', 'Inspiration du moment', '& Sélection gros formats', 'Surgelés']",Monoprix,True,False,false,6.0,MONTH,1kg,['Produit congelé'],https://courses.monoprix.fr/images-v3/0c44253f-c4a3-4340-9d37-d41e42b9d14a/71a3d98b-0c1f-43bc-ab74-c766251667bd/300x300.jpg
Surgelés,478dc8ee-6891-402a-b126-76ffb2ff07ae,MPX_3776658,Bonduelle Le Haricot Vert Extra-Fin Sans Résidu De Pesticides 750G,3.79,5.05,"['Surgelés', 'Légumes surgelés', 'Légumes natures surgelés']",Bonduelle,True,False,false,6.0,MONTH,750g,"['Produit congelé', 'Produit vegan']",https://courses.monoprix.fr/images-v3/0c44253f-c4a3-4340-9d37-d41e42b9d14a/9cfe7465-b17b-42fe-8339-2d1c414cd9ba/300x300.jpg
Surgelés,0a05cd72-69b4-4ecc-bb85-ed1b076143f7,MPX_6563818,Findus crousti' express l'allumettes 2x100g,3.09,15.45,"['Surgelés', 'Frites et Pommes de terre surgelées', 'Frites surgelées', 'Frite au micro-onde']",Findus,True,False,false,6.0,MONTH,2 x 100g,"['Produit végétarien', 'Produit congelé']",https://courses.monoprix.fr/images-v3/0c44253f-c4a3-4340-9d37-d41e42b9d14a/e87a5cbe-872f-4885-9b80-2c6781ba812a/300x300.jpg
Surgelés,3c091e25-ef5c-4878-a0e7-df66f0571b65,MPX_6640153,Findus Pommes Noisettes 500g,3.85,7.7,"['Surgelés', 'Frites et Pommes de terre surgelées', 'Pommes noisette et Dauphine']",Findus,True,False,false,6.0,MONTH,500g,['Produit congelé'],https://courses.monoprix.fr/images-v3/0c44253f-c4a3-4340-9d37-d41e42b9d14a/eaeb646d-98b0-4398-a401-d518f3fb49e6/300x300.jpg
Surgelés,38287147-6439-401b-8840-570c1b0b81d7,MPX_1350541,Monoprix épinards en branches 1 kg,1.35,1.35,"['Nos sélections', 'Inspiration du moment', '& Sélection gros formats', 'Surgelés']",Monoprix,True,False,false,6.0,MONTH,1kg,['Produit congelé'],https://courses.monoprix.fr/images-v3/0c44253f-c4a3-4340-9d37-d41e42b9d14a/db70e36f-31af-46eb-a871-c0dc85143d80/300x300.jpg
Surgelés,9001f74f-2c42-412c-970e-c8ae364cee8a,MPX_149668,Monoprix 10 Steaks Hachés 15% Matière Grasse 1Kg,11.9,11.9,"['Nos sélections', 'Inspiration du moment', '& Sélection gros formats', 'Surgelés']",Monoprix,True,False,false,2.0,MONTH,1kg,['Produit congelé'],https://courses.monoprix.fr/images-v3/0c44253f-c4a3-4340-9d37-d41e42b9d14a/878101ef-e37b-4170-8099-c18dd51eb4b3/300x300.jpg
Surgelés,d91d3aab-de04-42b7-abcb-4fa8aa644f5d,MPX_3330881,Monoprix Bio choux fleurs surgelés bio 600g,3.39,5.65,"['Surgelés', 'Légumes surgelés', 'Légumes surgelés bio']",Monoprix Bio,True,False,false,2.0,MONTH,600g,"['Produit congelé', 'Produit bio']",https://courses.monoprix.fr/images-v3/0c44253f-c4a3-4340-9d37-d41e42b9d14a/c85cd7ff-908e-4625-842c-274c319d6015/300x300.jpg
Surgelés,52a27826-81b8-4141-bcd3-609741c695ae,MPX_1859347,Monoprix Pizza Royale Cuite Sur Pierre Fromages Jambon Champignons Olives 400G,2.99,7.48,"['Surgelés', 'Pizza, Quiche et Tarte surgelées', 'Pizza surgelée']",Monoprix,True,False,false,2.0,MONTH,400g,['Produit congelé'],https://courses.monoprix.fr/images-v3/0c44253f-c4a3-4340-9d37-d41e42b9d14a/5962a92c-5656-45e5-ae09-951de6586547/300x300.jpg
Surgelés,c1604a2b-8a1c-4ead-9aa7-966d73ec9807,MPX_3392897,Findus colin d'Alaska façon Fish & Chips 364g,5.19,14.26,"['Surgelés', 'Poissons et Crustacés surgelés', 'Poisson pané surgelé']",FINDUS,True,False,false,6.0,MONTH,364g,['Produit congelé'],https://courses.monoprix.fr/images-v3/0c44253f-c4a3-4340-9d37-d41e42b9d14a/35dc1dcc-a1a9-4a4e-8813-8b54ee0e653c/300x300.jpg
Surgelés,82615a81-215e-4ea3-b4e2-ed21a9b88605,MPX_4514185,Monoprix Poulet riz basmati sauce coco curry 300g,2.65,8.83,"['Mes marques Monoprix', 'Monoprix', 'Surgelés', 'Plat Cuisiné']",Monoprix,True,False,false,6.0,MONTH,300g,['Produit congelé'],https://courses.monoprix.fr/images-v3/0c44253f-c4a3-4340-9d37-d41e42b9d14a/8b7ddf57-afa9-403a-a2c0-d260dc29ee32/300x300.jpg
Surgelés,1ecf1668-436a-4325-8c4f-28db21127dcd,MPX_2536930,Monoprix Bio Brocolis Fleurettes 600g,2.99,4.98,"['Surgelés', 'Légumes surgelés', 'Légumes surgelés bio']",Monoprix Bio,True,False,false,6.0,MONTH,600g,"['Produit congelé', 'Produit bio']",https://courses.monoprix.fr/images-v3/0c44253f-c4a3-4340-9d37-d41e42b9d14a/0be67e28-ddf1-48cd-99d4-83cb1529186d/300x300.jpg
Surgelés,e7dac8b8-1154-461a-8cfe-b92da8a49078,MPX_1919511,"Monoprix Pommes rissolées préfrites, surgelées 450g",1.49,3.31,"['Nos sélections', 'Inspiration du moment', '& Barbecue', 'Surgelé']",Monoprix,True,False,false,6.0,MONTH,450g,['Produit congelé'],https://courses.monoprix.fr/images-v3/0c44253f-c4a3-4340-9d37-d41e42b9d14a/692c7a73-5dab-4b4d-8c74-d140536286f6/300x300.jpg
Surgelés,5c79d192-0db9-43ac-a572-a08ea121fac9,MPX_4043133,Monoprix 2 Coeurs Cabillaud MSC 300g,7.19,23.97,"['Surgelés', 'Poissons et Crustacés surgelés', 'Poisson nature surgelé']",Monoprix,True,False,false,6.0,MONTH,300g,['Produit congelé'],https://courses.monoprix.fr/images-v3/0c44253f-c4a3-4340-9d37-d41e42b9d14a/215b0863-643d-4f27-a705-faf6938814d5/300x300.jpg
Surgelés,4c45b762-c742-4e94-b02e-08b3a49722d3,MPX_5498832,Findus épinards branches à la crème 480 g,3.69,7.69,"['Surgelés', 'Légumes surgelés', 'Légumes cuisinés surgelés']",Findus,True,False,false,6.0,MONTH,480g,['Produit congelé'],https://courses.monoprix.fr/images-v3/0c44253f-c4a3-4340-9d37-d41e42b9d14a/858532f7-7d5f-4438-b014-bc0ed81511e8/300x300.jpg
Surgelés,e6fadf61-83ef-4d7e-a2f2-241f4c74ff5e,MPX_5227050,Monoprix Framboises Entières 500g,7.15,14.3,"['Surgelés', 'Fruits surgelés', 'Fruits surgelés']",Monoprix,True,False,false,6.0,MONTH,500g,['Produit congelé'],https://courses.monoprix.fr/images-v3/0c44253f-c4a3-4340-9d37-d41e42b9d14a/6b0c2efb-a4bb-4d7b-84f5-b189ffb907af/300x300.jpg
Surgelés,1e49468e-5bb4-4f7f-bd75-9a2ebf71a4c2,MPX_4217219,Findus Croustibat Poisson Pané 100% Colin d’Alaska x16,6.49,13.52,"['Surgelés', 'Poissons et Crustacés surgelés', 'Poisson pané surgelé']",Findus,True,False,false,6.0,MONTH,480g,['Produit congelé'],https://courses.monoprix.fr/images-v3/0c44253f-c4a3-4340-9d37-d41e42b9d14a/4366a669-4610-4046-815a-424d0bdd69c5/300x300.jpg
Surgelés,f0d1e989-003b-4a93-a79e-36b69292a41a,MPX_5206775,DrOetker Pizza Ristorante Mozzarella 355g,3.79,10.68,"['Nos sélections', 'Inspiration du moment', '& Frigo vide', 'Surgelés']",Ristorante,True,False,false,1.0,MONTH,355g,['Produit congelé'],https://courses.monoprix.fr/images-v3/0c44253f-c4a3-4340-9d37-d41e42b9d14a/a2db3e7b-022e-4173-a4f5-c51c97a42087/300x300.jpg
Surgelés,bcd71fbc-95e5-436c-bfde-7b5bd5cf2134,MPX_126666,Monoprix épinards hachés 1 kg,1.29,1.29,"['Mes marques Monoprix', 'Ça vaut le coût !']",Monoprix,True,False,false,6.0,MONTH,1kg,['Produit congelé'],https://courses.monoprix.fr/images-v3/0c44253f-c4a3-4340-9d37-d41e42b9d14a/a546936a-a2d4-4829-9254-7877e070ec49/300x300.jpg
Surgelés,53f22b27-3282-433f-a083-1266e3f81ce1,MPX_4235272,Monoprix mini nems aux légumes sauce nuoc mâm x8 220g,3.55,16.14,"['Surgelés', 'Apéritif, Entrée et Snack surgelés', 'Entrées, Feuilletées et Coquilles surgelés']",Monoprix,True,False,false,6.0,MONTH,220g,['Produit congelé'],https://courses.monoprix.fr/images-v3/0c44253f-c4a3-4340-9d37-d41e42b9d14a/6aab8767-d33b-466a-a47d-5b810c071462/300x300.jpg
Surgelés,32985d58-2f96-421b-b252-6a5ba317e893,MPX_4123310,Monoprix Pommes de Terre à la Salardaise Surgelés 600g,4.29,7.15,"['Surgelés', 'Frites et Pommes de terre surgelées', 'Pommes Rissolée et Sautée']",MONOPRIX,True,False,false,6.0,MONTH,600g,['Produit congelé'],https://courses.monoprix.fr/images-v3/0c44253f-c4a3-4340-9d37-d41e42b9d14a/1652571b-bf59-47cf-8b05-c31317f9238f/300x300.jpg
Surgelés,2ebae63d-7065-4a0e-8565-8d31928a17bd,MPX_3550800,Monoprix Bio Pommes de terre rustiques à l'huile d'olive bio 450g,6.09,13.53,"['Surgelés', 'Légumes surgelés', 'Légumes surgelés bio']",Monoprix Bio,True,False,false,6.0,MONTH,450g,"['Produit congelé', 'Produit bio']",https://courses.monoprix.fr/images-v3/0c44253f-c4a3-4340-9d37-d41e42b9d14a/1d3cbb85-9531-4c09-b053-d72852ee1b2a/300x300.jpg
Surgelés,15a21de2-bfc6-46f7-b755-f9d6bf30ffb8,MPX_3576915,Monoprix Bio légumes pour potage bio 600g,2.45,4.08,"['Surgelés', 'Légumes surgelés', 'Légumes surgelés bio']",Monoprix Bio,True,False,false,6.0,MONTH,600g,"['Produit congelé', 'Produit bio']",https://courses.monoprix.fr/images-v3/0c44253f-c4a3-4340-9d37-d41e42b9d14a/03bc07c4-afac-43ef-af1e-c05c0ca1701b/300x300.jpg
Surgelés,8d6fd1fe-218a-4f86-9ead-67d0e9545eb0,MPX_3753741,Darégal échalotte bio 75g,2.89,38.53,"['Surgelés', 'Légumes surgelés', 'Légumes surgelés bio']",Darégal,True,False,false,1.0,YEAR,75g,"['Produit congelé', 'Produit bio']",https://courses.monoprix.fr/images-v3/0c44253f-c4a3-4340-9d37-d41e42b9d14a/999d14db-82fd-4aa4-82c6-eaeec80127e0/300x300.jpg
Surgelés,96183155-7992-4545-ba34-0c144d8f2785,MPX_4093828,Crosta&Mollica pizza margherita 403g,7.39,18.34,"['Surgelés', 'Pizza, Quiche et Tarte surgelées', 'Pizza surgelée']",Crosta & mollica,True,False,false,2.0,MONTH,403g,['Produit congelé'],https://courses.monoprix.fr/images-v3/0c44253f-c4a3-4340-9d37-d41e42b9d14a/f68148dc-2bc0-4418-83f5-1da2691d0fc0/300x300.jpg
Surgelés,7829cf20-607e-4dba-bd0a-ab84f8489054,MPX_3776659,Bonduelle Petit Pois Sans Résidu Pesticide 750g,4.99,6.65,"['Surgelés', 'Légumes surgelés', 'Légumes natures surgelés']",Bonduelle,True,False,false,6.0,MONTH,750g,"['Produit congelé', 'Produit vegan']",https://courses.monoprix.fr/images-v3/0c44253f-c4a3-4340-9d37-d41e42b9d14a/9edd782b-7178-4584-bcd9-2d8c15c00c82/300x300.jpg
Surgelés,e2a64b89-198c-4d82-bae5-d65ffc9b34f9,MPX_6640148,Findus Pommes Rissolées Dorées et Croustillantes 590g,2.45,4.15,"['Nos sélections', 'Inspiration du moment', '& Barbecue', 'Surgelé']",Findus,True,False,false,6.0,MONTH,590g,['Produit congelé'],https://courses.monoprix.fr/images-v3/0c44253f-c4a3-4340-9d37-d41e42b9d14a/eb818aa6-25e4-4374-a91d-1725d5f7c540/300x300.jpg
Surgelés,624188e8-8046-4da2-bc39-fea1c0a1104c,MPX_3776657,Bonduelle Epinard En Feuille 750G,1.99,2.65,"['Surgelés', 'Légumes surgelés', 'Légumes natures surgelés']",Bonduelle,True,False,false,6.0,MONTH,750g,"['Produit congelé', 'Produit vegan']",https://courses.monoprix.fr/images-v3/0c44253f-c4a3-4340-9d37-d41e42b9d14a/4ee23a36-157c-4be1-a0cb-1682238a4943/300x300.jpg
Surgelés,de58e3a8-7181-4190-bee3-913002fa7eeb,MPX_1350538,Monoprix épinards hachés 450g,0.89,1.98,"['Nos sélections', 'Inspiration du moment', 'Nos coups de coeur Origine France']",Monoprix,True,False,false,6.0,MONTH,450g,['Produit congelé'],https://courses.monoprix.fr/images-v3/0c44253f-c4a3-4340-9d37-d41e42b9d14a/8832b24e-e9b5-48c9-ac65-18f374fbb18f/300x300.jpg
Surgelés,a7c6d0dd-0b1c-459b-8d42-8166e4d00977,MPX_126671,Monoprix petits pois extra fins surgelés 450g,1.65,3.67,"['Nos sélections', 'Inspiration du moment', '& Frigo vide', 'Surgelés']",Monoprix,True,False,false,6.0,MONTH,450g,['Produit congelé'],https://courses.monoprix.fr/images-v3/0c44253f-c4a3-4340-9d37-d41e42b9d14a/415e9e6b-dcf9-442c-af9b-62ea1667b850/300x300.jpg
Surgelés,69e002d1-4075-49bc-9f16-747c752bcbad,MPX_1340604,Monoprix Penne au poulet accompagnée d'une sauce champignons 300g,2.45,8.17,"['Nos sélections', 'Boutique Enfants', 'Repas facile pour les enfants', 'Repas']",Monoprix,True,False,false,6.0,MONTH,300g,['Produit congelé'],https://courses.monoprix.fr/images-v3/0c44253f-c4a3-4340-9d37-d41e42b9d14a/929abdfe-f64e-492e-8995-682299d5f72e/300x300.jpg
Surgelés,97b7843d-126d-4f34-90fe-38ef0df625aa,MPX_4029338,Monoprix Bio Mélange 5 Légumes Surgelés 600G,3.95,6.58,"['Surgelés', 'Légumes surgelés', 'Légumes surgelés bio']",Monoprix Bio,True,False,false,6.0,MONTH,600g,"['Produit congelé', 'Produit bio']",https://courses.monoprix.fr/images-v3/0c44253f-c4a3-4340-9d37-d41e42b9d14a/89b51a8d-d340-4496-a11b-03d3fcd62b14/300x300.jpg
Surgelés,edd978db-8bf1-48bb-8dc8-c9c7ab297ba0,MPX_3753743,Darégal ail bio 75g,3.79,50.53,"['Surgelés', 'Légumes surgelés', 'Légumes surgelés bio']",Darégal,True,False,false,1.0,YEAR,75g,"['Produit congelé', 'Produit bio']",https://courses.monoprix.fr/images-v3/0c44253f-c4a3-4340-9d37-d41e42b9d14a/741a7c4c-7fa7-4c3e-a1c3-61b161073d50/300x300.jpg
Surgelés,eff1de32-2c12-4d53-9a89-499b296f447d,MPX_3820790,Monoprix 4 Paves De Saumon Asc Sans Peau 440G,16.5,37.5,"['Surgelés', 'Poissons et Crustacés surgelés', 'Poisson nature surgelé']",Monoprix,True,False,false,6.0,MONTH,440g,['Produit congelé'],https://courses.monoprix.fr/images-v3/0c44253f-c4a3-4340-9d37-d41e42b9d14a/9349e602-9db9-4a6c-9841-639c09bbf0b0/300x300.jpg
Surgelés,ce40f289-1fad-4393-a178-235d81d348a4,MPX_2786930,Monoprix Gnocchis à la Sauce Gorgonzola et aux Epinards 300g,2.45,8.17,"['Mes marques Monoprix', 'Monoprix', 'Surgelés', 'Plat Cuisiné']",Monoprix,True,False,false,6.0,MONTH,300g,['Produit congelé'],https://courses.monoprix.fr/images-v3/0c44253f-c4a3-4340-9d37-d41e42b9d14a/dcb6fcd7-4b58-42f2-9b58-696dc1426581/300x300.jpg
Surgelés,514cd208-e156-49a0-9913-07511c6bdcdd,MPX_4029342,Monoprix Bio Poelée 5 Légumes 600g,3.95,6.58,"['Surgelés', 'Légumes surgelés', 'Légumes surgelés bio']",Monoprix Bio,True,False,false,6.0,MONTH,600g,"['Produit congelé', 'Produit bio']",https://courses.monoprix.fr/images-v3/0c44253f-c4a3-4340-9d37-d41e42b9d14a/cc290da1-1067-4285-8d10-857771c0d537/300x300.jpg
Surgelés,9006b87b-6b74-42fb-a7e7-4b45f11cd8fc,MPX_4656126,Monoprix Bio Poêlée légumes grillées 600g,4.25,7.08,"['Surgelés', 'Légumes surgelés', 'Légumes surgelés bio']",Monoprix Bio,True,False,false,6.0,MONTH,600g,"['Produit congelé', 'Produit bio']",https://courses.monoprix.fr/images-v3/0c44253f-c4a3-4340-9d37-d41e42b9d14a/96624693-40db-465a-81fc-48d2947db0ed/300x300.jpg
Surgelés,865ace54-a956-4c80-b6bd-ea3a9fde3431,MPX_6668009,Magnum glace bâtonnet amande 4x 100ml - 300g,4.09,13.63,"['Nos sélections', 'Nos marques du moment', 'La course aux étoiles chez Monoprix']",Magnum,True,False,false,2.0,MONTH,300g,['Produit congelé'],https://courses.monoprix.fr/images-v3/0c44253f-c4a3-4340-9d37-d41e42b9d14a/f57e8f40-5d9c-4475-a930-3b6a431abdb3/300x300.jpg
Surgelés,c759fafc-289f-4e70-9cdb-ac5daa70280a,MPX_4656127,Monoprix Bio Ratatouille Cuisinée 600g,3.95,6.58,"['Surgelés', 'Légumes surgelés', 'Légumes surgelés bio']",Monoprix Bio,True,False,false,6.0,MONTH,600g,"['Produit congelé', 'Produit bio']",https://courses.monoprix.fr/images-v3/0c44253f-c4a3-4340-9d37-d41e42b9d14a/16bbe694-6480-4778-b4af-f14051667363/300x300.jpg
Surgelés,29b36824-4ed0-4db2-9a52-fd942f052ed2,MPX_2187039,"Findus Panés de cabillaud 100% filet, surgelés 510g",8.69,17.04,"['Surgelés', 'Poissons et Crustacés surgelés', 'Poisson pané surgelé']",Findus,True,False,false,6.0,MONTH,510g,['Produit congelé'],https://courses.monoprix.fr/images-v3/0c44253f-c4a3-4340-9d37-d41e42b9d14a/57b98f86-63c6-42ff-a07c-f6961edaf6c1/300x300.jpg
Surgelés,08ebeba6-330a-46e5-80fc-7ec831f2ace1,MPX_1893035,Monoprix Viande Hachée Super Moelleux Mg 15% 1Kg,8.95,8.95,"['Nos sélections', 'Inspiration du moment', '& Sélection formats familiaux', 'Surgelés']",Monoprix,True,False,false,2.0,MONTH,1kg,['Produit congelé'],https://courses.monoprix.fr/images-v3/0c44253f-c4a3-4340-9d37-d41e42b9d14a/4005c203-f8a5-43dc-9c34-e4d12cabb3d4/300x300.jpg
Surgelés,2c8f5db4-f119-4cda-afbf-880cf43d9b3c,MPX_2201854,"Findus Panés de Colin, Lieu ou d'Alaska 100% filet 510g",5.79,11.35,"['Surgelés', 'Poissons et Crustacés surgelés', 'Poisson pané surgelé']",Findus,True,False,false,6.0,MONTH,510g,['Produit congelé'],https://courses.monoprix.fr/images-v3/0c44253f-c4a3-4340-9d37-d41e42b9d14a/5d5aee7a-3129-493c-abcc-6fff4e761e18/300x300.jpg
Surgelés,4d4ceb30-2fd6-42d9-911e-b265f1b6c347,MPX_2049129,Monoprix Bio mélange de légumes bio 600g,3.39,5.65,"['Surgelés', 'Légumes surgelés', 'Légumes surgelés bio']",Monoprix Bio,True,False,false,6.0,MONTH,600g,"['Produit congelé', 'Produit bio']",https://courses.monoprix.fr/images-v3/0c44253f-c4a3-4340-9d37-d41e42b9d14a/a2cd200e-e8fc-4aac-91fd-9977feffa7f8/300x300.jpg
Surgelés,63e1bd81-aea1-4e4e-b5b1-6dbdfabcba44,MPX_3293211,Monoprix Bio 4 Steaks Hachés 5% Matière Grasse 400G,10.9,27.25,"['Bio', 'Boucherie et Volaille bio', 'Boucherie bio']",Monoprix Bio,True,False,false,2.0,MONTH,400g,"['Produit congelé', 'Produit bio']",https://courses.monoprix.fr/images-v3/0c44253f-c4a3-4340-9d37-d41e42b9d14a/7add6346-c2fe-43fd-9b98-edfb7611e851/300x300.jpg
Surgelés,dafbd176-30fc-402a-b5a4-7f5b09399367,MPX_3952448,MC CAIN pommes noisettes craquantes & fondantes 1kg,2.99,2.99,"['Surgelés', 'Frites et Pommes de terre surgelées', 'Pommes noisette et Dauphine']",McCain,True,False,false,6.0,MONTH,1kg,"['Produit végétarien', 'Produit congelé']",https://courses.monoprix.fr/images-v3/0c44253f-c4a3-4340-9d37-d41e42b9d14a/089f6932-d459-45a8-bd6d-d83ba686cfd3/300x300.jpg
Surgelés,987b3524-2f6a-4379-bec3-6f3c464d1a26,MPX_2786938,Monoprix Gourmet 4 steaks hachés black angus 600g,10.9,18.17,"['Surgelés', 'Viandes surgelées', 'Steak et Steak haché surgelés']",Monoprix Gourmet,True,False,false,2.0,MONTH,600g,['Produit congelé'],https://courses.monoprix.fr/images-v3/0c44253f-c4a3-4340-9d37-d41e42b9d14a/50f6c41b-3f9d-4c58-a2b2-bafae5fb5317/300x300.jpg
Surgelés,3cf877f6-f6e5-48af-8d8c-2314f2150642,MPX_2351813,Monoprix Coquillettes au jambon et emmental 300g,2.45,8.17,"['Nos sélections', 'Boutique Enfants', 'Repas facile pour les enfants', 'Repas']",Monoprix,True,False,false,6.0,MONTH,300g,['Produit congelé'],https://courses.monoprix.fr/images-v3/0c44253f-c4a3-4340-9d37-d41e42b9d14a/ef29962c-11db-460f-a21d-bc21faabba23/300x300.jpg
Surgelés,77a25b09-2dc6-493c-a7ea-ae55ff35b8bb,MPX_4123632,Monoprix Viande Hachée À Cuisiner 15% Mg 700g,9.99,14.27,"['Nos sélections', 'Inspiration du moment', '& Sélection gros formats', 'Surgelés']",Monoprix,True,False,false,2.0,MONTH,700g,['Produit congelé'],https://courses.monoprix.fr/images-v3/0c44253f-c4a3-4340-9d37-d41e42b9d14a/bd50eaab-9998-41a8-9f36-adfb0b7581e8/300x300.jpg
Surgelés,ca43f405-3b58-4207-9a03-8a99d46d4140,MPX_5206776,Dr.Oetker Pizza Ristorante 4 Fromages 340 G,3.79,11.15,"['Surgelés', 'Pizza, Quiche et Tarte surgelées', 'Pizza surgelée']",Ristorante,True,False,false,1.0,MONTH,340g,['Produit congelé'],https://courses.monoprix.fr/images-v3/0c44253f-c4a3-4340-9d37-d41e42b9d14a/52e72b51-b0f2-4d78-850d-524a94d3e7dd/300x300.jpg
Surgelés,c2918261-28bf-4876-869e-b2a7f870b6a1,MPX_1471496,Monoprix mélange de champignons 300g,3.95,13.17,"['Nos recettes', 'Recettes de Chefs', '& Fusilloni sauce moutarde']",Monoprix,True,False,false,6.0,MONTH,300g,['Produit congelé'],https://courses.monoprix.fr/images-v3/0c44253f-c4a3-4340-9d37-d41e42b9d14a/45a3b8c6-48c6-4231-a65b-ca354c352f35/300x300.jpg
Surgelés,ef75575f-d596-4783-b1f8-80885eaa936b,MPX_184874,Nestlé Extrême Cônes Vanille & Nougatine x6 426g,4.49,10.54,"['Nos sélections', 'Inspiration du moment', '& Vague de fraîcheur', 'Surgelés']",Nestlé,True,False,false,6.0,MONTH,426g,['Produit congelé'],https://courses.monoprix.fr/images-v3/0c44253f-c4a3-4340-9d37-d41e42b9d14a/5c8ee1cc-0e62-451a-a6af-899c6960f45a/300x300.jpg
Surgelés,d0df55fe-b0ab-4fa3-b8a7-0ed2613a56e9,MPX_2411317,"Bonduelle choux fleurs, brocolis et carottes surgelés 750g",3.99,5.32,"['Surgelés', 'Légumes surgelés', 'Légumes natures surgelés']",Bonduelle,True,False,false,6.0,MONTH,750g,"['Produit végétarien', 'Produit congelé', 'Produit vegan']",https://courses.monoprix.fr/images-v3/0c44253f-c4a3-4340-9d37-d41e42b9d14a/0435fa0d-40dc-4317-9f0d-8f495fcfb670/300x300.jpg
Surgelés,98cb4f40-c220-4ae9-8a62-7253059fbd10,MPX_6021929,Monoprix myrtilles entières 450g,5.95,13.22,"['Surgelés', 'Fruits surgelés', 'Fruits surgelés']",Monoprix,True,False,false,6.0,MONTH,450g,['Produit congelé'],https://courses.monoprix.fr/images-v3/0c44253f-c4a3-4340-9d37-d41e42b9d14a/84b089b3-feaf-4e80-b576-313fbc6d0024/300x300.jpg
Surgelés,957b7c2b-f1e9-43bc-9427-cf6735bf9621,MPX_5206778,DrOetker Pizza Ristorante Au Thon 355g,3.79,10.68,"['Surgelés', 'Pizza, Quiche et Tarte surgelées', 'Pizza surgelée']",Ristorante,True,False,false,1.0,MONTH,355g,['Produit congelé'],https://courses.monoprix.fr/images-v3/0c44253f-c4a3-4340-9d37-d41e42b9d14a/64edb203-cc5f-469c-bc5f-18861231cf59/300x300.jpg
Surgelés,8021cff2-6903-4b8b-8026-513b47c7a7ea,MPX_3254219,Findus Colin d'Alaska Extra Croustillant 250g,5.19,20.76,"['Surgelés', 'Poissons et Crustacés surgelés', 'Poisson pané surgelé']",Findus,True,False,false,6.0,MONTH,250g,['Produit congelé'],https://courses.monoprix.fr/images-v3/0c44253f-c4a3-4340-9d37-d41e42b9d14a/b4699378-15ab-4917-b2d5-ab7121fdf15c/300x300.jpg
Surgelés,49645ca8-4bd1-422d-abfd-ebc6dbbd832a,MPX_4077536,Le Fournil de Pierre Pain au Chocolat congelés x6 420g,2.75,6.55,"['Surgelés', 'Pâtisserie et Pain surgelés', 'Pains surgelés']",Le Fournil de Pierre,True,False,false,2.0,MONTH,420g,['Produit congelé'],https://courses.monoprix.fr/images-v3/0c44253f-c4a3-4340-9d37-d41e42b9d14a/5dd0228b-29f4-498b-b8e8-cc9e9e562659/300x300.jpg
Surgelés,2ee16e21-040b-420d-96d5-08133a9a068a,MPX_2189686,Marie Risotto au poulet et champignons à la crème 900g,6.59,7.32,"['Nos sélections', 'Boutique Enfants', 'Repas facile pour les enfants', 'Repas']",Marie,True,False,false,6.0,MONTH,900g,['Produit congelé'],https://courses.monoprix.fr/images-v3/0c44253f-c4a3-4340-9d37-d41e42b9d14a/a4517c53-caba-4225-a801-16c045505cb0/300x300.jpg
Surgelés,83a59142-8357-449e-a473-d6dd474b79fb,MPX_6665440,Bonduelle mini croustis frenchy épinard courgette chèvre 240g,4.39,18.29,"['Régimes alimentaires', 'Végétal', 'Protéine végétale']",Bonduelle,True,False,false,6.0,MONTH,240g,['Produit congelé'],https://courses.monoprix.fr/images-v3/0c44253f-c4a3-4340-9d37-d41e42b9d14a/3ad785b8-274f-44be-8cac-a0a7ec4918b1/300x300.jpg
Surgelés,a6b35a55-36fa-4606-b1bb-2f5ea5b8e592,MPX_3392409,Bonduelle Purée Carottes Potiron Crème 780g,3.99,5.12,"['Surgelés', 'Légumes surgelés', 'Purées surgelées']",Bonduelle,True,False,false,6.0,MONTH,780g,['Produit congelé'],https://courses.monoprix.fr/images-v3/0c44253f-c4a3-4340-9d37-d41e42b9d14a/456191c1-bfd5-4bfc-bc4b-e9fc51ac2a97/300x300.jpg
Surgelés,75c0da51-a4be-4dda-81a7-1b555b4ca934,MPX_723474,Monoprix Flammkueche 260g,2.19,8.42,"['Nos régions de France', 'Grand Est', 'Alsace']",Monoprix,True,False,false,6.0,MONTH,260g,['Produit congelé'],https://courses.monoprix.fr/images-v3/0c44253f-c4a3-4340-9d37-d41e42b9d14a/6d00c5f8-b4ef-47f2-92f2-d63602da0097/300x300.jpg
Surgelés,7ccc7d6a-cc88-4c9e-9e0c-63b92ae4cf13,MPX_1613328,Monoprix Pommes Frites 1kg,1.89,1.89,"['Nos sélections', 'Inspiration du moment', '& Sélection gros formats', 'Surgelés']",Monoprix,True,False,false,6.0,MONTH,1kg,['Produit congelé'],https://courses.monoprix.fr/images-v3/0c44253f-c4a3-4340-9d37-d41e42b9d14a/4fd25ab0-2668-4dce-b30a-535465853cbd/300x300.jpg
Surgelés,33e77e75-3c21-478a-89d3-9b28c5f00c08,MPX_5165619,Mccain Just Au Four Steakhouse 810G,3.79,4.68,"['Surgelés', 'Frites et Pommes de terre surgelées', 'Frites surgelées', 'Frite au four']",Mccain,True,False,false,6.0,MONTH,810g,"['Produit congelé', 'Produit vegan']",https://courses.monoprix.fr/images-v3/0c44253f-c4a3-4340-9d37-d41e42b9d14a/4577fbde-c774-4e3c-a612-4526b2482fca/300x300.jpg
Surgelés,c2a8a282-bc64-411c-8ae0-47b657150502,MPX_3537276,Monoprix Pizza 4 fromages 400g,4.15,10.38,"['Surgelés', 'Pizza, Quiche et Tarte surgelées', 'Pizza surgelée']",Monoprix,True,False,false,6.0,MONTH,400g,['Produit congelé'],https://courses.monoprix.fr/images-v3/0c44253f-c4a3-4340-9d37-d41e42b9d14a/5583f717-de40-4fd6-ac25-0ffce1964a52/300x300.jpg
Surgelés,ded975d1-6c43-4d89-9019-3e11dfaa3d13,MPX_2383615,Daregal Ciboulette Bio 50g,2.69,53.8,"['Surgelés', 'Légumes surgelés', 'Légumes surgelés bio']",Darégal,True,False,false,1.0,YEAR,50g,"['Produit congelé', 'Produit bio']",https://courses.monoprix.fr/images-v3/0c44253f-c4a3-4340-9d37-d41e42b9d14a/7f90d1f3-0bcb-432a-9eb5-69b601e606dc/300x300.jpg
Surgelés,be7aa0c3-615a-4a55-ae2e-623d7e78c07b,MPX_2216957,Monoprix purée de pommes de terres cuisinée 750g ,2.75,3.67,"['Nos sélections', 'Inspiration du moment', '& Sélection gros formats', 'Surgelés']",Monoprix,True,False,false,6.0,MONTH,750g,['Produit congelé'],https://courses.monoprix.fr/images-v3/0c44253f-c4a3-4340-9d37-d41e42b9d14a/d5fa55b5-ac9b-4376-b2d2-7922adcb4ccd/300x300.jpg
Surgelés,313a1d07-f83e-445b-aff5-4ac92de3e98e,MPX_87713,Charal Steaks Hachés  Le Pur Bœuf 15% M.G 10*100g,14.9,14.9,"['Nos sélections', 'Boutique Enfants', 'Repas facile pour les enfants', 'Repas']",CHARAL,True,False,false,2.0,MONTH,10 x 100g,['Produit congelé'],https://courses.monoprix.fr/images-v3/0c44253f-c4a3-4340-9d37-d41e42b9d14a/608c5770-9abe-4e58-b60d-394d0a7eca22/300x300.jpg
Surgelés,ed5d1ad3-7a2e-42d1-b313-b9d8d27bf0b0,MPX_5206777,Dr.Oetker Pizza Spéciale Ristorante 345g,3.79,10.99,"['Surgelés', 'Pizza, Quiche et Tarte surgelées', 'Pizza surgelée']",Ristorante,True,False,false,1.0,MONTH,345g,['Produit congelé'],https://courses.monoprix.fr/images-v3/0c44253f-c4a3-4340-9d37-d41e42b9d14a/15c199cd-c686-40fc-b792-1fbc4663fedb/300x300.jpg
Surgelés,47a4bae9-c903-4faa-a180-225f334465fe,MPX_3953119,Monoprix Bio Quartiers Pomme de terre aux Herbes 450g,4.99,11.09,"['Surgelés', 'Légumes surgelés', 'Légumes surgelés bio']",Monoprix Bio,True,False,false,6.0,MONTH,450g,"['Produit congelé', 'Produit bio']",https://courses.monoprix.fr/images-v3/0c44253f-c4a3-4340-9d37-d41e42b9d14a/9ab08a59-138d-40c6-9412-77a095258aca/300x300.jpg
Surgelés,9b142f6d-c236-4e8d-aab7-b8f34e19b457,MPX_3176479,Mccain Côté Brasserie 650g,3.69,5.68,"['Surgelés', 'Frites et Pommes de terre surgelées', 'Frites surgelées', 'Frite au four']",Mccain,True,False,false,6.0,MONTH,650g,['Produit congelé'],https://courses.monoprix.fr/images-v3/0c44253f-c4a3-4340-9d37-d41e42b9d14a/6267dacf-9041-46ac-a563-5e3ec7fd26fb/300x300.jpg
Surgelés,144fb575-1bd5-4569-9cc4-53c33445c97d,MPX_6692801,Monoprix 8 gyoza aux crevettes recette Japonaise 220g,4.99,22.68,"['Surgelés', 'Produits du monde', 'Japon']",Monoprix,True,False,false,6.0,MONTH,220g,['Produit congelé'],https://courses.monoprix.fr/images-v3/0c44253f-c4a3-4340-9d37-d41e42b9d14a/d5b221dd-8978-43ce-bd5d-237b821cbcec/300x300.jpg
Surgelés,d8016bb4-2ad5-44c8-8795-cad2fb2a4ea8,MPX_1738137,Marie Riz à la Cantonnaise 900g,6.59,7.32,"['Surgelés', 'Plats cuisinés surgelés', 'Plat familial']",Marie,True,False,false,6.0,MONTH,900g,['Produit congelé'],https://courses.monoprix.fr/images-v3/0c44253f-c4a3-4340-9d37-d41e42b9d14a/c05d598d-1447-483d-ae3d-a0856be2d8e4/300x300.jpg
Surgelés,a26edc56-15b9-4fad-9d4c-defd285abcd6,MPX_4656120,Monoprix Patates Douces en Cubes 600g,3.15,5.25,"['Mes marques Monoprix', 'Monoprix', 'Surgelés', 'Légume et Pomme de Terre']",MONOPRIX,True,False,false,6.0,MONTH,600g,['Produit congelé'],https://courses.monoprix.fr/images-v3/0c44253f-c4a3-4340-9d37-d41e42b9d14a/b8e2f0db-4f5d-486a-9096-96d4ea000302/300x300.jpg
Surgelés,e341187e-e665-4435-bd2c-13007fcd1e4f,MPX_1859341,Monoprix Pizza Bolognaise Surgelée 400G,3.09,7.73,"['Surgelés', 'Pizza, Quiche et Tarte surgelées', 'Pizza surgelée']",Monoprix,True,False,false,2.0,MONTH,400g,['Produit congelé'],https://courses.monoprix.fr/images-v3/0c44253f-c4a3-4340-9d37-d41e42b9d14a/f243f750-d2db-4b98-9a7a-84eaeb5df419/300x300.jpg
Surgelés,f92376ef-a7fc-441b-b50a-bbee84bb3d73,MPX_5064210,Monoprix Gratin Choux-Fleurs 450g,3.39,7.53,"['Mes marques Monoprix', 'Monoprix', 'Surgelés', 'Légume et Pomme de Terre']",Monoprix,True,False,false,6.0,MONTH,450g,['Produit congelé'],https://courses.monoprix.fr/images-v3/0c44253f-c4a3-4340-9d37-d41e42b9d14a/9e8be4bc-4d4d-47aa-bc0b-f26b0db4eeeb/300x300.jpg
Surgelés,622873ce-bbd5-439e-b316-177fa900b1dd,MPX_1468743,"Monoprix galettes de courgettes, carottes et petits pois 300 g",2.59,8.63,"['Nos sélections', 'Boutique Enfants', 'Repas facile pour les enfants', 'Repas']",Monoprix,True,False,false,6.0,MONTH,300g,['Produit congelé'],https://courses.monoprix.fr/images-v3/0c44253f-c4a3-4340-9d37-d41e42b9d14a/4452441a-dac8-44f2-ae3d-8d333ecc2a98/300x300.jpg
Surgelés,e33312c6-4e30-4793-b0d1-2075577b8e31,MPX_3753763,Darégal persil bio 50g,2.99,59.8,"['Surgelés', 'Légumes surgelés', 'Légumes surgelés bio']",Darégal,True,False,false,1.0,YEAR,50g,"['Produit congelé', 'Produit bio']",https://courses.monoprix.fr/images-v3/0c44253f-c4a3-4340-9d37-d41e42b9d14a/f62d4a1c-c3ef-427e-80ec-7097e0eb078d/300x300.jpg
Surgelés,27812015-b897-44fd-a2cb-e5e23a0a31d3,MPX_3598033,Mccain Potatoes aux Herbes 780g,3.85,4.94,"['Nos sélections', 'Inspiration du moment', '& Tout pour faire son burger', 'Frites et potatoes']",McCain,True,False,false,6.0,MONTH,780g,['Produit congelé'],https://courses.monoprix.fr/images-v3/0c44253f-c4a3-4340-9d37-d41e42b9d14a/d3b50e98-6ba2-408a-bab6-82612aac951d/300x300.jpg
Surgelés,f57e7d70-4c19-4c67-8e94-6f9e26278932,MPX_126669,Monoprix Haricots Verts extra fins 450g,1.69,3.76,"['Nos sélections', 'Inspiration du moment', 'Nos coups de coeur Origine France']",Monoprix,True,False,false,2.0,MONTH,450g,['Produit congelé'],https://courses.monoprix.fr/images-v3/0c44253f-c4a3-4340-9d37-d41e42b9d14a/d545fa53-bcb6-4c50-bd0a-6f6df64a12d3/300x300.jpg
Surgelés,ee3a6b0c-f8e1-4a57-9149-ef0dd701f659,MPX_3391562,Monoprix Crème glacée vanille 500g,2.49,4.98,"['Surgelés', 'Glace et Dessert glacé', 'Les Glaces Monoprix']",Monoprix,True,False,false,6.0,MONTH,500g,['Produit congelé'],https://courses.monoprix.fr/images-v3/0c44253f-c4a3-4340-9d37-d41e42b9d14a/0dfc392d-d974-4b27-bade-5a7c8b993752/300x300.jpg
Surgelés,04221884-b72a-4a60-bafd-0a1b951e19bd,MPX_4236048,Snickers Barre glacées x7 319g,5.19,16.27,"['Surgelés', 'Glace et Dessert glacé', 'Barre glacée']",Snickers,True,False,false,6.0,MONTH,319g,"['Produit halal', 'Produit congelé', 'Produit casher']",https://courses.monoprix.fr/images-v3/0c44253f-c4a3-4340-9d37-d41e42b9d14a/a3a70a1f-ada7-4a0c-b76a-8b23da033694/300x300.jpg
Surgelés,597ac9a1-9296-40e8-be57-82e4fd3fab36,MPX_5206779,DrOetker Pizza Ristorante Végétale 385g,3.79,9.84,"['Surgelés', 'Pizza, Quiche et Tarte surgelées', 'Pizza surgelée']",Ristorante,True,False,false,1.0,MONTH,385g,['Produit congelé'],https://courses.monoprix.fr/images-v3/0c44253f-c4a3-4340-9d37-d41e42b9d14a/cad755a7-22c5-4d1f-956f-4f1ebe536afb/300x300.jpg
Surgelés,a4f5104b-8aa4-4d85-8280-87ea80ec8926,MPX_2798054,"Monoprix Gourmet Tarte Épinards Chèvre, Pâte Feuilletée, Surgelée 550G",7.55,13.73,"['Nos sélections', 'Boutique Enfants', 'Repas facile pour les enfants', 'Repas']",Monoprix Gourmet,True,False,false,6.0,MONTH,550g,['Produit congelé'],https://courses.monoprix.fr/images-v3/0c44253f-c4a3-4340-9d37-d41e42b9d14a/86eb4335-7b2c-4c4d-b197-276faad084c6/300x300.jpg
Surgelés,b8097f12-871d-4080-b07b-e1613fc7b9c9,MPX_3059156,Bonduelle purée délice verte surgelée 780g,3.49,4.47,"['Nos sélections', 'Boutique Enfants', 'Repas facile pour les enfants', 'Repas']",Bonduelle,True,False,false,6.0,MONTH,780g,['Produit congelé'],https://courses.monoprix.fr/images-v3/0c44253f-c4a3-4340-9d37-d41e42b9d14a/db5c838a-b03a-4cab-acbc-f43dbfec0914/300x300.jpg
Surgelés,3c9c99c2-fc7b-44e7-a883-45bc17effe14,MPX_1362256,Monoprix 4 Steaks Hachés 5% Matière Grasse 400G,7.89,19.73,"['Nos sélections', 'Inspiration du moment', 'Nos coups de coeur Origine France']",Monoprix,True,False,false,2.0,MONTH,400g,['Produit congelé'],https://courses.monoprix.fr/images-v3/0c44253f-c4a3-4340-9d37-d41e42b9d14a/7cf1e106-15ba-46a4-9a96-879f8ffbbdfd/300x300.jpg
Surgelés,ea78485a-3877-4d81-b1fb-61c33000ccbd,MPX_4109850,Monoprix Colin Alaska & Riz Courgette 300g,2.35,7.83,"['Mes marques Monoprix', 'Monoprix', 'Surgelés', 'Plat Cuisiné']",Monoprix,True,False,false,6.0,MONTH,300g,['Produit congelé'],https://courses.monoprix.fr/images-v3/0c44253f-c4a3-4340-9d37-d41e42b9d14a/0a5805a4-b091-41b9-afb7-4a7453aa42e6/300x300.jpg
Surgelés,3a10e1da-bd4d-4079-8cbd-7c08426e4322,MPX_2383122,Daregal Basilic Surgelé Bio 50g,3.09,61.8,"['Surgelés', 'Légumes surgelés', 'Herbes aromatiques surgelés']",Darégal,True,False,false,1.0,YEAR,50g,"['Produit congelé', 'Produit bio']",https://courses.monoprix.fr/images-v3/0c44253f-c4a3-4340-9d37-d41e42b9d14a/481b3e9b-ef2b-4115-87f1-7d7e32f50ad8/300x300.jpg
Surgelés,8586f554-5980-4602-b871-81c30bd04a9d,MPX_6591629,Monoprix dos de cabillaud 440 g,10.9,24.77,"['Produits de la Mer', 'Poissonnerie', 'Filets, pavés de poissons']",Monoprix,True,False,false,2.0,MONTH,440g,['Produit congelé'],https://courses.monoprix.fr/images-v3/0c44253f-c4a3-4340-9d37-d41e42b9d14a/7af48c6b-7a4b-469c-8b1c-fd47c2986072/300x300.jpg
Surgelés,27fb755c-baf8-462f-8055-c3245bd5587e,MPX_6668010,Magnum glace classic bâtonnet 4x 100ml,3.99,13.3,"['Surgelés', 'Glace et Dessert glacé', 'Bâtonnet de glace']",Magnum,True,False,false,2.0,MONTH,300g,['Produit congelé'],https://courses.monoprix.fr/images-v3/0c44253f-c4a3-4340-9d37-d41e42b9d14a/f4a4cc6e-20cc-4f64-ad36-fb61051056e0/300x300.jpg
Surgelés,a45fadf5-b19f-4285-8d79-ba14663803cc,MPX_2786428,Extrême Mini Cônes de Glace Vanille Chocolat Boite x8 312g,6.35,20.35,"['Nos sélections', 'Boutique Enfants', 'Pour le goûter de vos enfants', 'Glace et Patisserie']",Extrême,True,False,false,6.0,MONTH,8 x 39g,['Produit congelé'],https://courses.monoprix.fr/images-v3/0c44253f-c4a3-4340-9d37-d41e42b9d14a/ed872a23-d78c-4f0b-baca-8564efe9acd1/300x300.jpg
Surgelés,d2bb9d96-4f34-4ab5-926a-16a77944f6ce,MPX_3511774,Haagen Dazs Pot Vanille 400g,6.99,17.48,"['Surgelés', 'Glace et Dessert glacé', 'Pot et Mini pot de glace']",Häagen-Dazs,True,False,false,2.0,MONTH,400g,['Produit congelé'],https://courses.monoprix.fr/images-v3/0c44253f-c4a3-4340-9d37-d41e42b9d14a/1909be4d-6945-4c24-8f37-38686251ca13/300x300.jpg
Surgelés,313c6179-11fd-427f-b805-9b5e0ceef8e4,MPX_4235271,Monoprix falafels avec sauce sésame 280g,5.19,18.54,"['Nos sélections', 'Inspiration du moment', '& Tour du monde des saveurs']",Monoprix,True,False,false,6.0,MONTH,280g,['Produit congelé'],https://courses.monoprix.fr/images-v3/0c44253f-c4a3-4340-9d37-d41e42b9d14a/a98026b7-c2bc-4b2d-a0b9-c9ad6200fb3c/300x300.jpg
Surgelés,4302a75b-62d8-48e4-b545-49a36f0d271d,MPX_3778633,Monoprix 8 Tranches panées de Colin d'Alaska MSC 400g,3.65,9.13,"['Nos sélections', 'Boutique Enfants', 'Repas facile pour les enfants', 'Repas']",Monoprix,True,False,false,6.0,MONTH,400g,['Produit congelé'],https://courses.monoprix.fr/images-v3/0c44253f-c4a3-4340-9d37-d41e42b9d14a/bdf0acdf-4a8a-4077-9d5e-a21e55331f6f/300x300.jpg
Surgelés,74cd5259-7c9a-4882-ac53-cf2338102638,MPX_1802461,Monoprix 4 Mini gratins dauphinois 480g,4.65,9.69,"['Nos sélections', 'Boutique Enfants', 'Repas facile pour les enfants', 'Repas']",Monoprix,True,False,false,2.0,MONTH,480g,['Produit congelé'],https://courses.monoprix.fr/images-v3/0c44253f-c4a3-4340-9d37-d41e42b9d14a/d2765977-3158-4298-b5ca-84cb7fed6a14/300x300.jpg
Surgelés,4584bdf7-5f66-4e44-9ed7-97ca809811d4,MPX_6570800,Monoprix pizza buche chèvre 410g,3.99,9.73,"['Surgelés', 'Pizza, Quiche et Tarte surgelées', 'Pizza surgelée']",Monoprix,True,False,false,6.0,MONTH,410g,['Produit congelé'],https://courses.monoprix.fr/images-v3/0c44253f-c4a3-4340-9d37-d41e42b9d14a/9c5044c9-578b-413e-8959-149c25fb2160/300x300.jpg
Surgelés,3fbd376b-d2ac-4c7e-9c36-3bf74974c3ed,MPX_6584128,Magnum Glaces Bâtonnets Double Chocolate x4 284g,4.65,16.37,"['Surgelés', 'Glace et Dessert glacé', 'Bâtonnet de glace']",Magnum,True,False,false,2.0,MONTH,284g,['Produit congelé'],https://courses.monoprix.fr/images-v3/0c44253f-c4a3-4340-9d37-d41e42b9d14a/6ca8483f-2c08-4ea6-b96e-2b5548a1d279/300x300.jpg
Surgelés,adcf19d9-01da-4379-a6db-1824b21a8ded,MPX_5734340,Monop Biologique Epinards À La Crème 600G,3.15,5.25,"['Surgelés', 'Légumes surgelés', 'Légumes surgelés bio']",Monoprix Bio,True,False,false,6.0,MONTH,600g,"['Produit congelé', 'Produit bio']",https://courses.monoprix.fr/images-v3/0c44253f-c4a3-4340-9d37-d41e42b9d14a/78b3198e-b285-4d40-8748-f1d9e0e82929/300x300.jpg
Surgelés,809f55dd-293a-4057-a6f0-fe440b959609,MPX_3777123,"Ice Cube Sachet De Glaçons 1,25 kg",3.35,2.68,"['Nos recettes', 'Recettes de Chefs', '&Danny Khezzar - Recette poulet sauce poulette au Beurre ail et persil']",Ice cube,True,False,false,6.0,MONTH,1.25kg,['Produit congelé'],https://courses.monoprix.fr/images-v3/0c44253f-c4a3-4340-9d37-d41e42b9d14a/534fd748-9875-4829-82c4-7f652e9b9654/300x300.jpg
Surgelés,70f29098-e7fc-4c0f-b87e-d91e8013b8d3,MPX_6716490,Häagen-Dazs Crème glacé thé vert 400g,6.49,16.23,"['Nos sélections', 'Nouveau sur le site', 'Surgelés']",Häagen-Dazs,True,False,false,2.0,MONTH,400g,['Produit congelé'],https://courses.monoprix.fr/images-v3/0c44253f-c4a3-4340-9d37-d41e42b9d14a/2a0b9815-aa7f-4ab6-8124-06c66a2542d2/300x300.jpg
Surgelés,b522961a-84e7-4d38-bdcc-ca119353a57f,MPX_2495157,Marie Paëlla royale petites gambas et safran 900g,6.49,7.21,"['Surgelés', 'Plats cuisinés surgelés', 'Plat familial']",Marie,True,False,false,6.0,MONTH,900g,['Produit congelé'],https://courses.monoprix.fr/images-v3/0c44253f-c4a3-4340-9d37-d41e42b9d14a/9ede64b4-6ce0-4909-9ac9-e19d7d15a27d/300x300.jpg
Surgelés,b17f238a-5a78-43ca-9096-0794dca0fc8b,MPX_6665606,Bonduelle Mini Croustis Italian Aubergine Courgette Mozzarella 240g,4.39,18.29,"['Régimes alimentaires', 'Végétal', 'Protéine végétale']",Bonduelle,True,False,false,6.0,MONTH,240g,['Produit congelé'],https://courses.monoprix.fr/images-v3/0c44253f-c4a3-4340-9d37-d41e42b9d14a/bd7414e0-641c-46a5-a0b9-de4485ebd2f7/300x300.jpg
Surgelés,45af416a-b14d-4360-bd20-e40a0e2cba80,MPX_6719160,Marie Hachis Parmentier Purée à la crème fraîche 300g,3.99,13.3,"['Surgelés', 'Plats cuisinés surgelés', 'Plat pour 2']",Marie,True,False,false,6.0,MONTH,300g,['Produit congelé'],https://courses.monoprix.fr/images-v3/0c44253f-c4a3-4340-9d37-d41e42b9d14a/0a99df82-d00f-44ec-be46-47cc046dfdcf/300x300.jpg
Surgelés,4eb5bdc1-9b20-43a0-a4ed-9dd7e1e9bbe8,MPX_1835574,Monoprix Bio pizza trois fromages surgelée 380g,4.99,13.13,"['Nos sélections', 'Boutique Enfants', 'Repas facile pour les enfants', 'Repas']",Monoprix Bio,True,False,false,2.0,MONTH,380g,"['Produit congelé', 'Produit bio']",https://courses.monoprix.fr/images-v3/0c44253f-c4a3-4340-9d37-d41e42b9d14a/84719003-e5ea-4f53-b5d6-78ab190c684d/300x300.jpg
Surgelés,c21bb9f5-8f9d-4b29-9c55-7e67547eefee,MPX_6609908,Crosta & Mollica pizza bosco 443g,7.49,16.91,"['Surgelés', 'Pizza, Quiche et Tarte surgelées', 'Pizza surgelée']",Crosta & Mollica,True,False,false,2.0,MONTH,443g,['Produit congelé'],https://courses.monoprix.fr/images-v3/0c44253f-c4a3-4340-9d37-d41e42b9d14a/70fd8fd2-b2b0-40f1-8bc7-a6bbd7e710af/300x300.jpg
Surgelés,a17aa4e9-f9a1-408f-a0b4-f4110291a74e,MPX_5064209,Monoprix Gratin Dauphinois 450g,3.39,7.53,"['Mes marques Monoprix', 'Monoprix', 'Surgelés', 'Légume et Pomme de Terre']",Monoprix,True,False,false,6.0,MONTH,450g,['Produit congelé'],https://courses.monoprix.fr/images-v3/0c44253f-c4a3-4340-9d37-d41e42b9d14a/30ffcac5-ed00-440a-8fbf-68a99886b036/300x300.jpg
Surgelés,b6f15196-74bd-4aec-9ceb-7338b160a302,MPX_6645640,Manifattura pizza napoletana bufalina 420g,7.99,19.02,"['Surgelés', 'Pizza, Quiche et Tarte surgelées', 'Pizza surgelée']",Manifattura,True,False,false,2.0,MONTH,420g,['Produit congelé'],https://courses.monoprix.fr/images-v3/0c44253f-c4a3-4340-9d37-d41e42b9d14a/29f1e85b-4e05-4270-915a-78af90319794/300x300.jpg
Surgelés,2038e44b-05bd-4efc-9bde-92ea5ae58b2c,MPX_2600574,Marie Hachis parmentier purée à la crème fraîche 600g,5.19,8.65,"['Nos sélections', 'Boutique Enfants', 'Repas facile pour les enfants', 'Repas']",Marie,True,False,false,6.0,MONTH,600g,['Produit congelé'],https://courses.monoprix.fr/images-v3/0c44253f-c4a3-4340-9d37-d41e42b9d14a/a53d1d81-fce9-428f-9574-00853c170ff0/300x300.jpg
Surgelés,0687b07e-ab89-4dc3-90b8-91ad6a1d7513,MPX_2440776,Charal Viande Hachée De Boeuf Extra Moelleux 800G,11.5,14.38,"['Surgelés', 'Viandes surgelées', 'Steak et Steak haché surgelés']",Charal,True,False,false,2.0,MONTH,800g,['Produit congelé'],https://courses.monoprix.fr/images-v3/0c44253f-c4a3-4340-9d37-d41e42b9d14a/41670456-4dca-4f49-8452-61fbc0a4857a/300x300.jpg
Surgelés,263db5a9-b709-4e2d-9e87-00a42b14911d,MPX_2173352,Findus 4 filets de cabillaud 400g,9.99,24.98,"['Surgelés', 'Poissons et Crustacés surgelés', 'Poisson nature surgelé']",Findus,True,False,false,6.0,MONTH,400g,['Produit congelé'],https://courses.monoprix.fr/images-v3/0c44253f-c4a3-4340-9d37-d41e42b9d14a/e2a66c51-ff96-41f0-92ad-c03c0dd9d43e/300x300.jpg
Surgelés,b4274b26-b687-4e17-a5e2-b643ba15a433,MPX_5364416,Dr.Oetker Pizza Ristorante Royale Jambon Champignons 350 g,3.79,10.83,"['Surgelés', 'Pizza, Quiche et Tarte surgelées', 'Pizza surgelée']",Dr. Oetker,True,False,false,1.0,MONTH,350g,['Produit congelé'],https://courses.monoprix.fr/images-v3/0c44253f-c4a3-4340-9d37-d41e42b9d14a/cfca26b5-2a76-47b2-a44c-526d3fa7e1ae/300x300.jpg
Surgelés,fdc4369f-0afb-4422-b55f-6177fb838649,MPX_1992840,Bonduelle Épinard Feuilles Préservées 750G,1.59,2.12,"['Surgelés', 'Légumes surgelés', 'Légumes natures surgelés']",Bonduelle,True,False,false,2.0,MONTH,750g,"['Produit congelé', 'Produit vegan']",https://courses.monoprix.fr/images-v3/0c44253f-c4a3-4340-9d37-d41e42b9d14a/80ab4ddf-fe6b-45dd-b988-8801f8face00/300x300.jpg
Surgelés,89b11335-2fe5-4e5a-b038-f9518240e246,MPX_2233934,Monoprix Colin d'Alaska à la bordelaise 400 g,4.09,10.23,"['Mes marques Monoprix', 'Monoprix', 'Surgelés', 'Plat Cuisiné']",Monoprix,True,False,false,6.0,MONTH,400g,['Produit congelé'],https://courses.monoprix.fr/images-v3/0c44253f-c4a3-4340-9d37-d41e42b9d14a/45e50f1c-2264-45ce-8afb-33b067647c48/300x300.jpg
Surgelés,d5a85272-40ed-4243-8270-efa160409380,MPX_2600575,Marie Lasagnes à la bolognaise béchamel gratinée 600g,5.19,8.65,"['Surgelés', 'Plats cuisinés surgelés', 'Plat individuel']",Marie,True,False,false,6.0,MONTH,600g,['Produit congelé'],https://courses.monoprix.fr/images-v3/0c44253f-c4a3-4340-9d37-d41e42b9d14a/10b77d43-2ebf-4a54-b2a8-452343ce1cde/300x300.jpg
Surgelés,08733cbd-c41a-4c58-b4a6-96ddf87a7dcb,MPX_6610170,McCain Frites Côté Burger 650g,3.69,5.68,"['Surgelés', 'Frites et Pommes de terre surgelées', 'Frites surgelées', 'Frite au four']",McCain,True,False,false,6.0,MONTH,650g,['Produit congelé'],https://courses.monoprix.fr/images-v3/0c44253f-c4a3-4340-9d37-d41e42b9d14a/d1e9510a-8206-4596-88ae-b70a4cf4d854/300x300.jpg
Surgelés,81c5914f-5e2a-4987-a856-22c830d25207,MPX_1613329,Monoprix Pommes allumettes préfrites surgelées 1kg,2.35,2.35,"['Nos sélections', 'Inspiration du moment', '& Sélection gros formats', 'Surgelés']",Monoprix,True,False,false,6.0,MONTH,1kg,['Produit congelé'],https://courses.monoprix.fr/images-v3/0c44253f-c4a3-4340-9d37-d41e42b9d14a/d3184659-1520-4021-ac2a-ecaea7245a23/300x300.jpg
Surgelés,d5506f88-c03c-4283-918d-dc08d2f4b26a,MPX_3171757,McCain Côté Resto - 650g,2.99,4.6,"['Nos sélections', 'Inspiration du moment', '& Tout pour faire son burger', 'Frites et potatoes']",McCain,True,False,false,6.0,MONTH,650g,['Produit congelé'],https://courses.monoprix.fr/images-v3/0c44253f-c4a3-4340-9d37-d41e42b9d14a/fbb4b891-d593-43a9-88b5-5c8306d8ffd5/300x300.jpg
Surgelés,b8d255d8-c1b9-47da-ba4b-d6d3925b6f3f,MPX_3753744,Daregal Coriandre surgelé Bio 50g,3.19,63.8,"['Surgelés', 'Légumes surgelés', 'Herbes aromatiques surgelés']",Darégal,True,False,false,1.0,YEAR,50g,"['Produit congelé', 'Produit bio']",https://courses.monoprix.fr/images-v3/0c44253f-c4a3-4340-9d37-d41e42b9d14a/33aeb220-816f-4fbd-893d-d07ecd439a9d/300x300.jpg
Surgelés,a0d5a7b8-f0f0-42d1-9874-db55fd192826,MPX_1347009,"Monoprix Lasagnes Bolognaise, surgelées 300g",2.45,8.17,"['Mes marques Monoprix', 'Monoprix', 'Surgelés', 'Plat Cuisiné']",Monoprix,True,False,false,6.0,MONTH,300g,['Produit congelé'],https://courses.monoprix.fr/images-v3/0c44253f-c4a3-4340-9d37-d41e42b9d14a/15f7180d-a21f-44ab-af1c-9ecd383a5bab/300x300.jpg
Surgelés,fbd3f9f8-4580-4522-8343-312bbbebef72,MPX_6666830,Magnum Ice Cream Lolly x6 266g,4.79,18.01,"['Surgelés', 'Glace et Dessert glacé', 'Bâtonnet de glace']",Magnum,True,False,false,2.0,MONTH,266g,['Produit congelé'],https://courses.monoprix.fr/images-v3/0c44253f-c4a3-4340-9d37-d41e42b9d14a/0ad1d9db-8cd5-45f3-9574-5ab1ebe52d78/300x300.jpg
Surgelés,77a430de-79f4-4252-b8c7-c1241ba2a920,MPX_1338142,Monoprix Gourmet 2 Coquilles Saint-Jacques À La Bretonne 240G,8.85,36.88,"['Noël', 'Les Pépites de Monoprix pour Noël', 'Les essentiels Monoprix Gourmet']",Monoprix Gourmet,True,False,false,6.0,MONTH,240g,['Produit congelé'],https://courses.monoprix.fr/images-v3/0c44253f-c4a3-4340-9d37-d41e42b9d14a/9c6d38f8-f356-410d-b30c-e22384a479e1/300x300.jpg
Surgelés,4f8217fb-7bd4-42c1-9d50-09b563ce4d8e,MPX_4002892,Mccain pomme de terre kid smile 850g,2.75,3.24,"['Nos sélections', 'Boutique Enfants', 'Repas facile pour les enfants']",McCain,True,False,false,6.0,MONTH,850g,"['Produit végétarien', 'Produit congelé']",https://courses.monoprix.fr/images-v3/0c44253f-c4a3-4340-9d37-d41e42b9d14a/511b8139-1ac0-43e9-97b8-211922198ef0/300x300.jpg
Surgelés,d30f2e48-654a-4a4b-b20a-1c45ff59420e,MPX_6609895,Goodfella's pizza pepperoni 332g,3.99,12.02,"['Surgelés', 'Pizza, Quiche et Tarte surgelées', 'Pizza surgelée']",Goodfella's,True,False,false,2.0,MONTH,332g,['Produit congelé'],https://courses.monoprix.fr/images-v3/0c44253f-c4a3-4340-9d37-d41e42b9d14a/a02b2b53-e3e5-4c7e-9c59-b4f006cabf1d/300x300.jpg
Surgelés,c571cffe-3b05-483f-b2e8-87c650a384b4,MPX_3511776,Haagen Dazs Pot Salted Caramel 400g,6.99,17.48,"['Nos sélections', 'Inspiration du moment', '& Vague de fraîcheur', 'Surgelés']",Häagen-Dazs,True,False,false,2.0,MONTH,400g,['Produit congelé'],https://courses.monoprix.fr/images-v3/0c44253f-c4a3-4340-9d37-d41e42b9d14a/0ae3fb89-0880-46ed-8133-b27642d2bc12/300x300.jpg
Surgelés,4448c0a3-a564-4a0b-b107-e688c7777b28,MPX_6113346,Findus émincés fondants poireaux à la crème 450g,4.69,10.42,"['Surgelés', 'Légumes surgelés', 'Légumes cuisinés surgelés']",Findus,True,False,false,6.0,MONTH,450g,['Produit congelé'],https://courses.monoprix.fr/images-v3/0c44253f-c4a3-4340-9d37-d41e42b9d14a/c1f65364-b7a0-44ad-a546-a579f36b8ce3/300x300.jpg
Surgelés,51918831-3226-4d53-ad4d-8bfcbb536197,MPX_2321096,Findus Filets de Colin d'Alaska 400g,6.59,16.48,"['Surgelés', 'Poissons et Crustacés surgelés', 'Poisson nature surgelé']",Findus,True,False,false,6.0,MONTH,400g,['Produit congelé'],https://courses.monoprix.fr/images-v3/0c44253f-c4a3-4340-9d37-d41e42b9d14a/e621c6f6-e4e3-42f9-82db-d26102655363/300x300.jpg
Surgelés,c3b884c1-83db-4fa1-9588-65fa6c271c7d,MPX_3526831,Monoprix Nuggets De Poulet 400G,4.99,12.48,"['Boucherie et Volaille', 'Volaille', 'Cordons bleus, nuggets et grignottes']",Monoprix,True,False,false,6.0,MONTH,400g,['Produit congelé'],https://courses.monoprix.fr/images-v3/0c44253f-c4a3-4340-9d37-d41e42b9d14a/1170542c-09d9-415b-a3ad-48a1931fe1a7/300x300.jpg
Surgelés,516363f0-6b5f-4c49-9deb-8bf95f7393cf,MPX_3625031,Monoprix Gourmet Steaks Hachés Race Charolaise x4 500g,9.99,19.98,"['Nos sélections', 'Inspiration du moment', 'Nos coups de coeur Origine France']",Monoprix Gourmet,True,False,false,2.0,MONTH,500g,['Produit congelé'],https://courses.monoprix.fr/images-v3/0c44253f-c4a3-4340-9d37-d41e42b9d14a/930bf1ca-5c97-42f8-a342-bb7667e23387/300x300.jpg
Surgelés,ceeae722-3134-426c-8b05-482372b08a0f,MPX_6666841,Magnum Ice Cream Lolly Chocolat Blanc x6 254g,4.69,18.46,"['Nos sélections', 'Nos marques du moment', 'La course aux étoiles chez Monoprix']",Magnum,True,False,false,2.0,MONTH,254g,['Produit congelé'],https://courses.monoprix.fr/images-v3/0c44253f-c4a3-4340-9d37-d41e42b9d14a/2944e3cc-90fa-4a1c-9204-77fc9a8cbb54/300x300.jpg
Surgelés,c5b48710-6130-4243-bf05-0e1bcde3e243,MPX_6666842,Magnum Ice Cream Lolly Mini Classic x6 249g,4.69,18.84,"['Surgelés', 'Glace et Dessert glacé', 'Bâtonnet de glace']",Magnum,True,False,false,2.0,MONTH,249g,['Produit congelé'],https://courses.monoprix.fr/images-v3/0c44253f-c4a3-4340-9d37-d41e42b9d14a/04314c42-41ed-42df-b0fc-83d0f353f74e/300x300.jpg
Surgelés,c8c5aa6b-09d2-497a-a20f-3da989727204,MPX_3476640,Monoprix Lasagnes 2 Saumons Petits Légumes 300g,2.45,8.17,"['Mes marques Monoprix', 'Monoprix', 'Surgelés', 'Plat Cuisiné']",Monoprix,True,False,false,1.0,MONTH,300g,['Produit congelé'],https://courses.monoprix.fr/images-v3/0c44253f-c4a3-4340-9d37-d41e42b9d14a/3b741296-00ed-4d18-af02-d761a752874e/300x300.jpg
Surgelés,bee5d67d-dc1a-4b8d-b981-4dd6cfd6e0b7,MPX_3960695,Monoprix Panier Feuilletés Chèvre Epinard X4 400G,4.99,12.48,"['Surgelés', 'Apéritif, Entrée et Snack surgelés', 'Entrées, Feuilletées et Coquilles surgelés']",Monoprix,True,False,false,6.0,MONTH,400g,['Produit congelé'],https://courses.monoprix.fr/images-v3/0c44253f-c4a3-4340-9d37-d41e42b9d14a/7d92a74b-fe93-4939-a0e4-63e2187f176a/300x300.jpg
Surgelés,98ec1ffa-98bc-4473-9af8-757f590d949b,MPX_3729168,"Findus Panés de Colin, 7 Céréales & Graines 250g",4.19,16.76,"['Surgelés', 'Poissons et Crustacés surgelés', 'Poisson pané surgelé']",Findus,True,False,false,6.0,MONTH,250g,['Produit congelé'],https://courses.monoprix.fr/images-v3/0c44253f-c4a3-4340-9d37-d41e42b9d14a/d5194684-755d-4e45-9f1f-0f9594e7536d/300x300.jpg
Surgelés,ea748cb0-5511-43be-b4b8-8495de28aa66,MPX_2321762,Monoprix Pommes de terre grenaille surgelées 450g,4.29,9.53,"['Surgelés', 'Frites et Pommes de terre surgelées', 'Pommes Rissolée et Sautée']",Monoprix,True,False,false,6.0,MONTH,450g,['Produit congelé'],https://courses.monoprix.fr/images-v3/0c44253f-c4a3-4340-9d37-d41e42b9d14a/e842f76e-e7d2-4563-b843-65ad611dcd64/300x300.jpg
Surgelés,ad6d5d2b-e435-48df-a7b6-b3630ee932e2,MPX_3959738,Bonduelle Légumes cuisinés La poêlée Rustique 750g,3.99,5.32,"['Surgelés', 'Légumes surgelés', 'Légumes cuisinés surgelés']",Bonduelle,True,False,false,6.0,MONTH,750g,['Produit congelé'],https://courses.monoprix.fr/images-v3/0c44253f-c4a3-4340-9d37-d41e42b9d14a/9fc10a7b-cdee-4bad-9105-fbc97c1285ac/300x300.jpg
Surgelés,65a40f5f-9656-440a-b9d9-3cb89b934bfb,MPX_3563227,Monoprix 6 samossas aux légumes 170g,4.79,28.18,"['Surgelés', 'Apéritif, Entrée et Snack surgelés', 'Entrées, Feuilletées et Coquilles surgelés']",Monoprix,True,False,false,6.0,MONTH,170g,['Produit congelé'],https://courses.monoprix.fr/images-v3/0c44253f-c4a3-4340-9d37-d41e42b9d14a/4d590fa3-eccc-4f34-beaa-0d9a2ad0fc31/300x300.jpg
Surgelés,464e060c-17cd-4d89-b4ed-399816857b4e,MPX_4676343,Monoprix Purée Aux 4 Légumes Verts 750G,2.85,3.8,"['Surgelés', 'Légumes surgelés', 'Purées surgelées']",MONOPRIX,True,False,false,6.0,MONTH,750g,['Produit congelé'],https://courses.monoprix.fr/images-v3/0c44253f-c4a3-4340-9d37-d41e42b9d14a/fba4c53a-e017-4856-b2d2-d2ede7c95b9d/300x300.jpg
Surgelés,6e2a5f6f-9db3-4a65-9e48-e323afcc31ab,MPX_4124203,Findus Colin d'Alaska Façon Fish & Chips x4 400g,7.49,18.73,"['Surgelés', 'Poissons et Crustacés surgelés', 'Poisson pané surgelé']",Findus,True,False,false,6.0,MONTH,400g,['Produit congelé'],https://courses.monoprix.fr/images-v3/0c44253f-c4a3-4340-9d37-d41e42b9d14a/ddc7c3b8-0e43-4cdb-bdfb-fa52253099f4/300x300.jpg
Surgelés,3ecad622-72bf-4096-9281-423e64058390,MPX_4235270,Monoprix Beignet De Crevette Sauce Aigre-Douce 116G,4.89,42.16,"['Surgelés', 'Apéritif, Entrée et Snack surgelés', 'Entrées, Feuilletées et Coquilles surgelés']",Monoprix,True,False,false,6.0,MONTH,116g,['Produit congelé'],https://courses.monoprix.fr/images-v3/0c44253f-c4a3-4340-9d37-d41e42b9d14a/1f17fcc4-3410-48b9-b2ed-07fedbd0278f/300x300.jpg
Surgelés,142a5dfe-063a-4d9a-b277-270f17a3935b,MPX_2205031,Saint Jean Ravioles de Dauphiné Comté 500g,5.99,11.98,"['Surgelés', 'Plats cuisinés surgelés', 'Plat familial']",Saint-Jean,True,False,false,2.0,MONTH,500g,"['Produit végétarien', 'Produit congelé']",https://courses.monoprix.fr/images-v3/0c44253f-c4a3-4340-9d37-d41e42b9d14a/699c2840-59cd-4fe8-bdc6-4ba39790a9c5/300x300.jpg
Surgelés,13c82f00-ba0b-4d28-a0d4-7767dadf6030,MPX_2173353,Findus Filets de saumon roses 4x100g,12.5,31.25,"['Nos recettes', 'Recettes de Saisons', '& Saumon au Fenouil et Pamplemousse']",Findus,True,False,false,6.0,MONTH,400g,['Produit congelé'],https://courses.monoprix.fr/images-v3/0c44253f-c4a3-4340-9d37-d41e42b9d14a/ea5f82be-a454-4f63-82db-cc26f6a6f781/300x300.jpg
Surgelés,0cbcc58a-deeb-4f39-a4b0-31ebf98a20a5,MPX_1240042,Monoprix Coeurs de Filet de Merlu Blanc Du Cap. Sans Arêtes. Surgelés. 400g,6.25,15.63,"['Surgelés', 'Poissons et Crustacés surgelés', 'Poisson nature surgelé']",Monoprix,True,False,false,6.0,MONTH,400g,['Produit congelé'],https://courses.monoprix.fr/images-v3/0c44253f-c4a3-4340-9d37-d41e42b9d14a/b0c1c115-e201-423f-a612-b8b03fd56552/300x300.jpg
Surgelés,6a13ba2b-dda2-4a30-bfbb-d2e699ac2586,MPX_1347008,Monoprix Lasagnes chèvre épinards 300g,2.69,8.97,"['Mes marques Monoprix', 'Monoprix', 'Surgelés', 'Plat Cuisiné']",Monoprix,True,False,false,6.0,MONTH,300g,['Produit congelé'],https://courses.monoprix.fr/images-v3/0c44253f-c4a3-4340-9d37-d41e42b9d14a/cf1f204c-be23-4c5d-bb51-f61c44af3ce0/300x300.jpg
Surgelés,f79154d9-4e3f-45ed-bf99-08c01f340a2a,MPX_6728409,Nutella spécialité glacée en pot 230g,5.99,26.04,"['Surgelés', 'Glace et Dessert glacé', 'Glace enfant']",Nutella,True,False,false,2.0,MONTH,230g,['Produit congelé'],https://courses.monoprix.fr/images-v3/0c44253f-c4a3-4340-9d37-d41e42b9d14a/99b8f2d7-9e3c-4a06-9eca-0fc18b694294/300x300.jpg
Surgelés,7eb46af1-0c57-4155-8a02-edc2063c1059,MPX_2292134,Findus Dos de cabillaud x4,11.5,26.14,"['Surgelés', 'Poissons et Crustacés surgelés', 'Poisson nature surgelé']",Findus,True,False,false,6.0,MONTH,440g,['Produit congelé'],https://courses.monoprix.fr/images-v3/0c44253f-c4a3-4340-9d37-d41e42b9d14a/66445136-6236-49aa-b89b-69dcca222e25/300x300.jpg
Surgelés,0727c0db-ea8c-45f9-b758-f5ec0d791994,MPX_4029393,Magnum Double Gold Caramel Billionaire Bâtonnet de Glace x4 284g,4.65,16.37,"['Nos sélections', 'Inspiration du moment', '& Vague de fraîcheur', 'Surgelés']",Magnum,True,False,false,2.0,MONTH,284g,['Produit congelé'],https://courses.monoprix.fr/images-v3/0c44253f-c4a3-4340-9d37-d41e42b9d14a/4ed3f88d-398d-4003-810f-ba9f97f352ea/300x300.jpg
Surgelés,28299c54-435e-4524-a92d-f7bc9a359254,MPX_2186999,Monoprix Moules à la marinière 400g,4.19,10.48,"['Nos régions de France', 'Hauts de France', 'Nord-Pas-De-Calais']",Monoprix,True,False,false,6.0,MONTH,400g,['Produit congelé'],https://courses.monoprix.fr/images-v3/0c44253f-c4a3-4340-9d37-d41e42b9d14a/be02d946-883c-40ee-8362-a0ba94fbedb0/300x300.jpg
Surgelés,902b995c-c773-4e2d-8669-ed72c2d655b2,MPX_4839156,Côte D'Or Glaces Pistache Chocolat & Amandes 260G,4.49,17.27,"['Surgelés', 'Glace et Dessert glacé', 'Bâtonnet de glace']",COTE D'OR,True,False,false,6.0,MONTH,260g,"['Produit végétarien', 'Produit congelé']",https://courses.monoprix.fr/images-v3/0c44253f-c4a3-4340-9d37-d41e42b9d14a/ab5ec198-8c7a-44c2-a6d6-46996f364e25/300x300.jpg
Surgelés,20d7fb13-66e6-4761-8391-46c7575201c4,MPX_3488101,Nuii Bâtonnets caramel salé & macadamia d'Australie 272g,4.99,18.35,"['Nos sélections', 'Nos marques du moment', 'La course aux étoiles chez Monoprix']",Nuii,True,False,false,6.0,MONTH,272g,['Produit congelé'],https://courses.monoprix.fr/images-v3/0c44253f-c4a3-4340-9d37-d41e42b9d14a/419f37f7-4313-4ad0-be09-640cfadbd706/300x300.jpg
Surgelés,0f5662a2-3f39-4d94-93ed-72391fbb3837,MPX_5227027,Monoprix 4 Röstis de Pommes de Terre Oignons Emmental 400g,3.89,9.73,"['Surgelés', 'Apéritif, Entrée et Snack surgelés', 'Entrées, Feuilletées et Coquilles surgelés']",MONOPRIX,True,False,false,1.0,MONTH,400g,['Produit congelé'],https://courses.monoprix.fr/images-v3/0c44253f-c4a3-4340-9d37-d41e42b9d14a/182130d8-1e33-4eaa-9408-c217d308ced3/300x300.jpg
Surgelés,baeba5e2-80d5-4841-a465-3831ec22a214,MPX_4839143,Monoprix Pâte Pur Beurre Paniers Feuilletés Emmental & Jambon X4,4.99,12.48,"['Surgelés', 'Apéritif, Entrée et Snack surgelés', 'Entrées, Feuilletées et Coquilles surgelés']",MONOPRIX,True,False,false,6.0,MONTH,400g,['Produit congelé'],https://courses.monoprix.fr/images-v3/0c44253f-c4a3-4340-9d37-d41e42b9d14a/48a2c9b1-92e2-4048-81c8-8936b46c8c7d/300x300.jpg
Surgelés,203d0f49-002e-4f0b-a824-3189ccc44f0c,MPX_3511768,Haagen Dazs Pot Macadamia nut brittle Prem 400g,6.99,17.48,"['Surgelés', 'Glace et Dessert glacé', 'Pot et Mini pot de glace']",Häagen-Dazs,True,False,false,2.0,MONTH,400g,['Produit congelé'],https://courses.monoprix.fr/images-v3/0c44253f-c4a3-4340-9d37-d41e42b9d14a/2b2ac2a2-9ed4-486e-b904-51673f51f3f9/300x300.jpg
Surgelés,1036a301-c756-4f29-a39d-73dbe889ff0f,MPX_6666837,Carte D'Or Ice Cream Dessert Vanille de Madagascar 367g,3.99,10.87,"['Surgelés', 'Glace et Dessert glacé', 'Bac Crème glacée et Sorbet']",Carte d'or,True,False,false,2.0,MONTH,367g,['Produit congelé'],https://courses.monoprix.fr/images-v3/0c44253f-c4a3-4340-9d37-d41e42b9d14a/8537904d-bcab-4240-8d0f-54a57cfe8521/300x300.jpg
Surgelés,63ad39b8-16c1-463c-8d66-28e9c92cc87c,MPX_6591630,Monoprix Filet De Colin D'Alaska Msc 500G,7.69,15.38,"['Produits de la Mer', 'Poissonnerie', 'Filets, pavés de poissons']",Monoprix,True,False,false,2.0,MONTH,500g,['Produit congelé'],https://courses.monoprix.fr/images-v3/0c44253f-c4a3-4340-9d37-d41e42b9d14a/a0d5b7b1-f357-425f-ba36-3e2964ce6d75/300x300.jpg
Surgelés,64d4b5df-02c6-4e2c-ae22-4d3575ead59f,MPX_2233933,Monoprix Colin d'Alaska à l'oseille 400 g,4.25,10.63,"['Mes marques Monoprix', 'Monoprix', 'Surgelés', 'Plat Cuisiné']",Monoprix,True,False,false,6.0,MONTH,400g,['Produit congelé'],https://courses.monoprix.fr/images-v3/0c44253f-c4a3-4340-9d37-d41e42b9d14a/ac8d30c2-27f2-42eb-91d3-b8b9487e7b01/300x300.jpg
Surgelés,cd056c3f-cb7e-4f92-8d50-15775ddc1a84,MPX_190797,Nestlé Cônes Extrême Chocolat pépites de Nougatine 6x71g,4.49,10.54,"['Nos sélections', 'Inspiration du moment', '& Vague de fraîcheur', 'Surgelés']",Extrême,True,False,false,6.0,MONTH,426g,['Produit congelé'],https://courses.monoprix.fr/images-v3/0c44253f-c4a3-4340-9d37-d41e42b9d14a/84280244-8cd5-4fca-b44c-1d0efa426349/300x300.jpg
Surgelés,f4d9fdb1-01de-45c9-9124-54905c45d7c3,MPX_2217175,Monoprix Poêlée Thaï au poulet et aux légumes 300 g,6.35,7.06,"['Nos sélections', 'Inspiration du moment', '& Sélection gros formats', 'Surgelés']",Monoprix,True,False,false,6.0,MONTH,900g,['Produit congelé'],https://courses.monoprix.fr/images-v3/0c44253f-c4a3-4340-9d37-d41e42b9d14a/6ff13e78-b38b-4a42-a8c7-c274a980ae27/300x300.jpg
Surgelés,670f2bfb-5d51-4fcd-b0c6-b1ce18e66960,MPX_6609915,Häagen-Dazs x Pierre Hermé pot macaron double chocolat ganache 420ml,6.69,18.38,"['Surgelés', 'Glace et Dessert glacé', 'Pot et Mini pot de glace']",Häagen-Dazs,True,False,false,2.0,MONTH,364g,['Produit congelé'],https://courses.monoprix.fr/images-v3/0c44253f-c4a3-4340-9d37-d41e42b9d14a/f22c0521-20e6-4f02-baf9-3a6633de64e2/300x300.jpg
Surgelés,e01de199-db05-4b01-8780-9be8e800960e,MPX_1292163,Monoprix Bio 4 steaks hachés 15% matière grasse 400g,9.49,23.73,"['Nos sélections', 'Inspiration du moment', 'Nos coups de coeur Origine France']",Monoprix Bio,True,False,false,1.0,MONTH,400g,"['Produit congelé', 'Produit bio']",https://courses.monoprix.fr/images-v3/0c44253f-c4a3-4340-9d37-d41e42b9d14a/966b42e5-841d-4aa5-892e-573b84bfed77/300x300.jpg
Surgelés,90a64308-f21e-4e28-9963-d45c690b04c0,MPX_3789031,Monoprix 8 Tranches panées de Cabillaud MSC 400g,5.99,14.98,"['Surgelés', 'Poissons et Crustacés surgelés', 'Poisson pané surgelé']",Monoprix,True,False,false,6.0,MONTH,400g,['Produit congelé'],https://courses.monoprix.fr/images-v3/0c44253f-c4a3-4340-9d37-d41e42b9d14a/df5c90ea-c5fa-473b-aecc-7280086c9f90/300x300.jpg
Surgelés,b9b83828-c329-4f26-bf1d-8bed5ca74262,MPX_3511778,Haagen Dazs Minipot Caramel Attraction 321g,8.09,25.2,"['Surgelés', 'Glace et Dessert glacé', 'Pot et Mini pot de glace']",Häagen-Dazs,True,False,false,4.0,WEEK,321g,['Produit congelé'],https://courses.monoprix.fr/images-v3/0c44253f-c4a3-4340-9d37-d41e42b9d14a/26ae38e5-a1fd-46ae-9e11-c6562ac7222a/300x300.jpg
Surgelés,6683f65f-7a39-43c0-99b0-bb6746164ae4,MPX_6716460,Marie Risotto au Poulet Champignons à la crème 300g,3.99,13.3,"['Surgelés', 'Plats cuisinés surgelés', 'Plat pour 2']",MARIE,True,False,false,6.0,MONTH,300g,['Produit congelé'],https://courses.monoprix.fr/images-v3/0c44253f-c4a3-4340-9d37-d41e42b9d14a/fd546d5e-1bf5-40e2-b3fa-8850f2dcc006/300x300.jpg
